3062 4145
822 486 912 533 Die
938 485 1010 533 ix.
1038 485 1154 531 Dec.
1180 484 1234 547 ij.
1256 483 1391 531 infra
1409 481 1519 531 Oct.
1543 481 1748 529 Immac.
1774 482 2009 545 Concept.
2031 480 2091 526 B.»
2116 481 2183 529 M.
2205 482 2267 531 V.
2341 483 2438 531 363

644 574 849 640 assequi
906 571 1180 641 cogitando
1245 581 1426 639 potest.
1463 573 1528 622 Et
1545 557 1557 671 ἶ
1575 570 1725 620 ve'luti
1765 571 2070 637 singularem
2095 610 2107 631 ‚
2129 573 2308 622 miram
2335 584 2386 624 et
2408 593 2438 623 a

646 640 858 707 quidem
910 640 1125 689 decebat
1179 638 1389 688 omnino
1416 677 1428 697 ‚
1470 647 1529 687 ut
1572 637 1879 703 reliquorum
1922 638 2187 687 hominum
2223 641 2440 706 primor-

643 706 1028 772 perfectissimae
1052 705 1332 754 sanctitatis
1353 704 1525 770 splen·
1570 702 1666 751 diis
1687 704 1975 770 longissime
1999 705 2259 766 secretam,
2274 716 2325 756 et
2340 724 2442 755 om·

642 772 857 822 dot-ibus
874 787 1073 838 semper
1088 771 1268 821 ornata
1287 771 1522 838 fulgeret,
1571 769 1692 817 nino
1733 779 1959 819 sanctam
1998 771 2263 820 colendam
2297 772 2442 821 exhi-

642 855 708 888 ac
731 838 812 888 vel
837 837 903 887 ab
937 838 1048 904 ipsa
1081 837 1338 903 originalis
1367 837 1525 903 culpae
1569 834 1698 890 buit.
1727 852 1843 883 cum
1885 836 2104 886 Ecclesia
2145 838 2345 887 nonnisi
2380 838 2443 887 de

642 904 764 954 labe
798 904 947 971 plane
990 904 1231 952 immonis
1280 902 1528 969 amplissi-
1570 901 1768 949 Sanctis
1791 901 1899 950 dies
1932 903 2079 952 festos
2106 904 2440 954 concelebret.

646 987 795 1020 mum
826 970 892 1019 de
930 970 1142 1036 antiquo
1185 969 1415 1035 serpente
1440 970 1525 1018 tri·
1582 981 1634 1037 Β).
1669 968 1878 1035 Signum
1905 984 2168 1036 magnum.
2202 972 2317 1020 359.

646 1035 901 1102 nimpham
947 1034 1162 1088 referret
1185 1044 1285 1084 tam
1313 1034 1526 1084 venera-
1756 1040 1808 1085 ln
1834 1038 1981 1087 tertio
2002 1037 2275 1087 Nocturno⁴

645 1102 767 1152 bilis
789 1112 971 1162 mater,
994 1103 1075 1151 cui
1091 1103 1224 1150 Deus
1244 1102 1393 1150 Pater
1414 1102 1524 1149 tini-
1588 1097 1751 1150 lectio
1782 1100 1940 1149 sancti
1976 1101 2229 1168 Evangelii
2266 1102 2446 1151 secon-

648 1185 769 1219 cum
822 1169 1006 1218 Filium
1050 1184 1215 1227 suum,
1262 1184 1412 1233 quem
1459 1167 1524 1216 de
1714 1210 1720 1214 .
1830 1165 1955 1214 dum
1993 1167 2199 1215 Lucam.

646 1234 805 1284 corde
842 1251 933 1284 suo
980 1233 1222 1300 aequalem
1254 1232 1346 1282 sibi
1383 1233 1526 1298 geni·
1774 1237 1949 1285 Lectio
1969 1238 2053 1300 vij.
2079 1237 2197 1299 Cap.
2230 1236 2275 1283 l.

647 1310 776 1358 tum,
810 1310 1069 1378 tamquam
1090 1300 1307 1366 seipsum
1339 1299 1520 1380 diligit,
1627 1315 1658 1346 n
1682 1297 1766 1346 illo
1791 1298 2231 1363 temporezMissus
2249 1309 2325 1349 est
2342 1299 2445 1349 An-

646 1367 718 1417 ita
741 1366 867 1416 dare
902 1367 1161 1433 disposuit,
1198 1375 1256 1414 ut
1279 1366 1521 1414 naturali·
1573 1312 1624 1424 I
1661 1362 1802 1430 gelus
1825 1363 2027 1413 Gabriel
2052 1381 2082 1413 a
2106 1367 2209 1414 Deo
2228 1368 2279 1414 in
2320 1367 2446 1415 civi-

649 1442 728 1483 ter
759 1441 891 1483 esset
926 1449 1056 1482 unus
1103 1431 1340 1496 idemque
1379 1448 1522 1480 com-
1567 1429 1720 1478 tatem
1748 1429 1961 1478 Galilaeae
1986 1468 1999 1489 ,
2022 1431 2101 1479 cui
2127 1448 2314 1480 nomen
2340 1433 2444 1482 Na-

651 1498 821 1549 monis
855 1500 948 1549 Dei
1002 1499 1164 1548 Patris
1206 1507 1258 1546 et
1300 1497 1522 1565 Virginis
1565 1495 1754 1550 zareth.
1793 1495 1856 1544 ad
1890 1497 2135 1564 virginem
2170 1495 2442 1564 desponsa-

649 1565 820 1614 Filius.
1567 1572 1669 1611 tam
1720 1562 1842 1617 viro,
1871 1563 1952 1610 cui
1990 1578 2176 1612 nomen
2213 1573 2323 1613 erat
2352 1567 2442 1613 Jo-

651 1648 703 1703 η.
731 1631 869 1681 Nihil
896 1631 1236 1696 inquinatum.
1264 1630 1380 1680 358.
1565 1627 1704 1694 seph,
1727 1627 1790 1676 de
1813 1627 1965 1677 domo
1986 1629 2161 1689 David,
2183 1639 2234 1678 et
2256 1647 2442 1680 nomen

940 1703 1119 1751 *Lectio
1154 1703 1220 1764 vj,
1565 1694 1772 1761 virginis
1800 1695 1975 1744 Maria.
2002 1696 2068 1744 Et
2090 1695 2299 1762 re'liqua.

756 1779 852 1812 um
866 1761 1164 1829 originalem
1185 1759 1522 1828 augostaeVir-
1567 1761 1784 1813 Homilia
1815 1761 1865 1808 S.
1892 1760 2169 1826 Sophronii,
2188 1763 2435 1828 Episcopi,

653 1777 757 1921 Q
779 1829 913 1896 ginis
935 1826 1274 1877 innocentiam
1295 1843 1411 1875 cum
1429 1827 1522 1876 ad·
1637 1830 1787 1874 Hom.
1815 1830 1866 1874 in
1883 1830 1981 1875 Dei
2012 1844 2118 1875 arce
2134 1831 2360 1876 Annum.

782 1894 1002 1944 mirabili
1015 1893 1237 1960 ejusdem
1261 1893 1522 1942 sanctitate
1678 1910 1750 1940 uio
1774 1893 1952 1941 missus
2015 1894 2155 1942 eatus
2171 1893 2254 1942 ille
2268 1895 2436 1960 Ange-

652 1961 1080 2026 praecelsaqueDei
1094 1961 1265 2009 Matris
1277 1958 1522 2026 dignitate
1698 1959 1771 2007 lus
1792 1958 1855 2006 ad
1883 1959 2139 2026 Virginem
2165 1959 2437 2026 integerri-

651 2028 863 2076 omnino
903 2026 1236 2076 cohaerontem
1278 2024 1522 2075 catholica
1698 2041 1834 2073 mam
1877 2024 2159 2075 dicit?Aut
2180 2026 2435 2092 quomodo

653 2092 895 2151 Ecclesia,
918 2110 1027 2158 quae
1061 2110 1092 2142 a
1124 2100 1296 2141 sancto
1323 2108 1523 2156 semper
1563 2090 1925 2140 faustissimum
1948 2091 2044 2141 hoc
2082 2092 2316 2141 mintium
2341 2092 2431 2159 ipsi

653 2159 829 2210 edocta
866 2159 1054 2225 Spiritu
1090 2159 1328 2207 colomna
1365 2167 1440 2207 est
1461 2174 1521 2207 ac
1565 2155 1769 2206 defert?
1792 2156 1894 2205 Ave
1932 2158 2095 2225 gratia
2128 2158 2304 2224 plena,
2332 2160 2433 2207 Do-

651 2224 1032 2275 firmamontum
1088 2224 1343 2283 veritatis,
1393 2233 1524 2273 tam-
1565 2224 1732 2272 minus
1753 2232 1933 2272 tecum.
1965 2222 2002 2272 A
2028 2225 2212 2291 gaudio
2257 2225 2433 2290 incipit

651 2308 805 2359 quam
842 2290 1123 2339 doctrinam
1148 2290 1402 2357 possidens
1440 2290 1514 2337 di-
1564 2305 1674 2337 eam
1709 2289 1894 2355 alloqui
1917 2290 1999 2339 ille
2022 2291 2189 2357 gaudii
2212 2291 2432 2339 mintius.

650 2359 837 2407 vinitus
893 2357 1148 2423 acceptam
1207 2366 1258 2406 et
1313 2356 1522 2405 coelostis
1564 2356 1782 2404 Noverat
1804 2357 1940 2405 enim
1969 2357 2185 2423 etplane
2208 2356 2430 2416 sciebat,

651 2422 966 2475 revelationis
1012 2422 1239 2488 deposito
1291 2438 1522 2487 compre·
1567 2420 1803 2471 mintium
1838 2421 1962 2470 illud
2008 2439 2155 2471 suum
2191 2423 2435 2471 univorsis

651 2490 865 2541 he'nsam
899 2488 1163 2555 multiplici
1207 2488 1524 2537 continenter
1566 2486 1855 2536 hominibus
1880 2497 2030 2553 atque
2054 2488 2288 2537 omnibus
2306 2490 2439 2561 pari-

654 2557 850 2606 ratione
872 2594 883 2615 ‚
946 2554 1320 2621 splendidisque
1381 2554 1524 2603 factis
1569 2564 1647 2604 ter
1672 2555 1915 2603 creaturis
1941 2554 2183 2621 gaudium
2217 2554 2395 2621 parare
2414 2592 2425 2610 ‚

653 2623 814 2690 magis
850 2623 901 2670 in
926 2622 1032 2670 dies
1054 2621 1321 2687 explicare,
1343 2621 1524 2686 propo·
1569 2630 1620 2669 et
1663 2619 1914 2686 quoslibet
1964 2637 1994 2669 a
2034 2620 2435 2687 quibust-[imque

653 2706 776 2738 nere
830 2705 889 2736 ac
923 2688 1095 2737 fovere
1135 2703 1395 2751 nunquam
1431 2686 1526 2734 do-
1569 2684 1764 2735 dolores
1799 2686 2045 2752 expellere
2057 2702 2073 2748 ;
2117 2687 2338 2744 noverat,
2376 2704 2437 2736 ex

652 2756 797 2805 stitit.
827 2755 968 2803 Hanc
987 2754 1122 2803 enim
1154 2753 1435 2801 doctrinam
1461 2752 1526 2801 ab
1571 2752 1740 2801 divina
1774 2751 1923 2817 hujus
1946 2753 2165 2819 mysterii
2192 2754 2438 2819 cognitio-

654 2820 1016 2886 antiquissimis
1034 2818 1344 2885 temporibus
1360 2819 1526 2885 vigen-
1572 2836 1636 2867 ne
1662 2818 1907 2867 mundum
1933 2819 2123 2868 lumine
2139 2820 2412 2868 collustrari
2421 2836 2436 2879 ;

657 2896 780 2947 tem,
809 2902 869 2935 ac
907 2886 1130 2934 fidolium
1167 2884 1350 2935 animis
1385 2886 1529 2950 pe'ni-
1574 2886 1801 2942 noverat,
1843 2886 2026 2934 erroris
2072 2886 2230 2951 disjici
2265 2886 2439 2951 caligi-

657 2963 739 3002 tus
774 2952 979 3002 insitam
1002 2990 1015 3012 ‚
1054 2961 1105 3001 et
1144 2951 1399 3000 sacrorum
1439 2949 1532 2999 An·
1576 2968 1692 3000 nem
1712 2967 1726 3010 3
1754 2951 1962 3000 noverat
1988 2989 2001 3012 ,
2030 2952 2228 3001 retondi
2266 2952 2441 3000 mortis

660 3020 875 3069 tistitum
932 3018 1065 3068 curis
1120 3017 1396 3082 studiisque
1445 3033 1534 3083 per
1576 3017 1805 3066 acoleum
1827 3033 1842 3077 ;
1869 3019 2078 3068 noverat
2099 3057 2111 3080 ,
2137 3019 2237 3066 vim
2264 3034 2440 3066 corru-

660 3085 966 3135 catholicum
994 3083 1169 3133 orbem
1196 3084 1409 3133 mirifice
1429 3101 1536 3149 pro·
1579 3085 1763 3150 ptionis
1797 3083 2001 3151 infringi
2049 3102 2060 3133 :
2095 3085 2319 3142 noverat,
2363 3084 2443 3132 in-

663 3152 917 3218 pagatam‚
941 3151 1047 3216 ipsa
1062 3150 1282 3200 Ecclesia
1305 3151 1538 3198 luculen-
1579 3151 1726 3200 farno
1759 3151 2017 3199 victoriam
2056 3150 2241 3200 aufarri
2266 3150 2444 3210 ;nove·

665 3219 856 3267 tissime
890 3217 1203 3283 significavit,
1247 3233 1363 3265 cum
1405 3217 1537 3281 ejos-
1583 3225 1662 3265 rat
1702 3215 1913 3265 saltitem
1963 3215 2159 3282 perdito
2206 3215 2445 3282 affulgere

668 3286 784 3334 dem
859 3283 1079 3348 Virginis
1151 3281 1538 3349 conceptionem
1584 3282 1775 3331 homini
1801 3321 1812 3343 ,
1840 3283 1926 3365 qui
1967 3283 2149 3331 horum
2196 3283 2444 3331 malorum

669 3349 873 3416 poblico
891 3348 1114 3397 fidelium
1129 3349 1285 3397 coltui
1310 3365 1369 3397 ac
1393 3365 1539 3397 vene-
1578 3349 1702 3415 jugo
1728 3349 1926 3414 jamdiu
1983 3349 2307 3414 premebatur
2335 3386 2347 3406 ‚
2387 3364 2449 3396 ex

673 3415 859 3466 rationi
901 3415 1177 3481 proponere
1209 3431 1310 3463 non
1339 3414 1543 3464 dubita-
1588 3432 1686 3480 quo
1729 3414 1975 3464 sciliceta
2039 3415 2218 3464 aradisi
2261 3414 2453 3462 deliciis

675 3483 759 3532 vit.
789 3481 902 3545 Quo
947 3481 1124 3530 illostri
1170 3480 1374 3546 quidem
1410 3481 1543 3530 facto
1589 3480 1822 3546 expolsus
1845 3519 1857 3540 ‚
1880 3489 1931 3530 et
1954 3497 1984 3530 a
2005 3431 2153 3530 Ecato
2180 3481 2265 3530 illo
2286 3481 2454 3529 domi-
2497 3530 2501 3534 ,

674 3548 833 3616 ipsius
879 3547 1095 3614 Virginis
1154 3547 1705 3613 conceptionemicilio
1749 3547 1934 3613 ejectus
1971 3547 2155 3598 foerat.
2192 3548 2464 3614 Propterea
