3062 4145
979 432 1029 477 ln
1052 430 1315 479 Nativitate
1348 432 1562 479 Domini.
1597 432 1649 478 ll.
1683 432 1826 478 Noct.
2227 437 2313 486 181

528 537 654 571 vera
672 520 931 571 descendit
957 539 968 570 z
992 522 1021 552 *
1044 518 1202 570 lludie
1225 537 1316 587 per
1339 529 1409 570 to·
1456 520 1723 572 ricurdiam
1747 531 1886 572 tuam
1910 523 1963 571 in
1988 522 2157 573 medio
2193 534 2326 577 tem-—

529 597 648 637 tum
693 588 942 637 ‘mundum
990 585 1220 637 melliflui
1283 588 1408 636 faeti
1454 588 1522 654 pli
1549 589 1639 637 tui.
1688 587 1867 635 Psalm.
1903 589 2113 657 Magnus
2143 592 2323 642 Domi·
2343 640 2357 655 ,

530 663 653 703 sunt
667 654 797 704 coeli.
827 656 876 706 ii.
897 652 1057 702 Hodie
1078 652 1244 703 illuxit
1265 652 1418 705 nobis,
1453 670 1564 703 nus,
1594 657 1674 705 58.

529 719 640 770 dies
672 718 1028 786 redemptiunis
1049 735 1190 769 novae
1218 757 1230 780 ,
1261 735 1410 785 repa·
1459 719 1578 765 Asia.
1603 716 1804 770 Orietur
1827 720 1880 769 in
1912 720 2088 771 diebus
2125 721 2325 774 Dumini

530 787 745 835 rationis
777 787 994 852 antiquae
1016 824 1028 848 ,
1062 781 1316 835 felicitatis
1355 803 1411 835 ae-
1453 784 1764 836 abundantia
1797 786 1931 852 pacis
1952 824 1964 848 ,
2013 797 2065 837 et
2098 788 2325 840 domina-

532 852 708 902 ternae.
753 852 931 901 Hodie.
974 853 1153 901 Benecl.
1195 850 1409 919 Spiritus
1453 850 1606 901 bitur.
1643 852 2285 918 Ps.1.›eus,judicium.74.

534 919 700 969 sancti
716 914 897 986 gratia.

699 986 868 1034 Lectio
902 985 969 1047 iij.
1009 986 1128 1059 qap·
1169 986 1250 1033 52.

1461 918 1580 966 Αῑιει.
1620 918 1814 968 veritas
1837 918 1900 967 de
1926 928 2059 969 terra
2080 929 2190 969 orta
2212 931 2287 971 est
2309 962 2319 984 ,

1453 992 1505 1032 et
1518 983 1712 1049 justitia
1729 984 1793 1033 de
1815 984 1945 1061 coelo
1953 986 2220 1051 prospexit.
2251 989 2318 1033 P.»

662 1067 832 1100 nsanos
858 1088 871 1110 ,
898 1066 1144 1117 consurge
1160 1088 1173 1108 ,
1199 1048 1409 1099 induere
1462 1049 1777 1111 Benedixisti,
1803 1050 2032 1101 Dumine.
2061 1054 2141 1102 86.

536 1059 950 1173 Cofortitudine
986 1125 1100 1176 tua,
1136 1116 1290 1177 Sion,
1335 1116 1407 1165 in·
1459 1117 1507 1167 il.
1551 1116 1809 1182 Speciosus
1850 1118 2020 1166 forma
2059 1135 2160 1184 prae
2202 1119 2321 1168 filiis

536 1182 695 1232 duere
737 1182 1047 1233 vestimentis
1078 1181 1245 1249 gluriae
1276 1191 1372 1231 tuae
1393 1221 1405 1244 ,
1453 1180 1737 1232 hominum.
1770 1191 1820 1247 a).
1859 1183 2050 1232 Diffusa
2067 1193 2142 1234 est
2162 1182 2324 1253 gratia

533 1249 816 1299 Jerusalem
841 1287 854 1310 ,
890 1248 1063 1299 civitas
1083 1248 1243 1298 sancti
1266 1249 1411 1314 :quia
1454 1248 1509 1297 in
1564 1244 1709 1298 labiis
1765 1250 1877 1298 tuis.
1938 1251 2077 1300 Pater
2131 1261 2317 1302 noster.

535 1332 642 1364 non
676 1315 879 1382 adjiciet
912 1315 1048 1365 ultra
1080 1323 1137 1364 ut
1159 1315 1409 1380 pertrans·

536 1391 621 1431 eat
637 1399 728 1448 per
765 1391 813 1430 te
838 1380 1218 1430 incircumcisus
1235 1389 1287 1429 et
1318 1381 1409 1429 im-

536 1446 777 1497 mundus.
802 1447 1051 1497 Excutere
1084 1445 1148 1496 de
1172 1447 1373 1522 pulvere
1395 1485 1406 1508 ‚

536 1515 787 1594 consurge
808 1551 821 1575 ‚
876 1513 995 1562 sede
1016 1551 1028 1574 ,
1075 1513 1354 1562 Jerusalem
1397 1532 1407 1562 ε

537 1579 674 1629 solve
704 1580 904 1630 vincula
925 1579 1037 1629 colli
1072 1579 1180 1640 tui,
1218 1577 1413 1645 captiva

536 1645 647 1695 filia
662 1646 799 1695 Sion.
822 1646 950 1710 Quia
972 1645 1078 1696 haec
1100 1645 1224 1694 dicit
1252 1644 1415 1694 Dumi-

539 1728 637 1761 nus
674 1731 687 1760 :
726 1712 891 1762 Gratis
926 1711 1219 1761 venumdati
1254 1711 1370 1760 estis
1397 1750 1408 1773 ‚

539 1786 593 1826 et
644 1779 754 1827 sine
798 1773 1008 1855 argento
1071 1777 1406 1827 redimemini.

540 1843 673 1906 Quia
695 1843 801 1894 haec
824 1843 947 1894 dicit
977 1843 1219 1898 Duminus
1243 1845 1376 1893 Deus
1398 1863 1408 1892 :

538 1911 596 1958 ln
632 1911 906 1986 AEgyptum
925 1905 1182 1960 descendit
1204 1908 1267 1975 pu
1303 1911 1414 1959 ulus

539 1993 685 2025 meus
707 1992 759 2024 m
796 1975 1041 2044 principio
1067 2014 1079 2037 ,
1120 1985 1177 2024 ut
1210 1992 1269 2024 co
1290 1974 1413 2028 unus

540 2051 671 2092 esset
697 2041 803 2091 ibi:
835 2051 887 2092 et
918 2041 1071 2092 Assur
1102 2040 1289 2108 absque
1314 2042 1414 2091 ulla

541 2125 695 2158 eausa
726 2104 1059 2159 calumniatus
1096 2117 1171 2157 est
1195 2125 1325 2159 eum.
1351 2110 1414 2157 Et

1458 1315 1734 1366 AbsolutiO.
1753 1315 1911 1384 Ipsius
1927 1315 2099 1381 pietas.
2119 1317 2141 1366 ii
2157 1319 2204 1366 ..1
2211 1317 2324 1378 ube,

1456 1377 1658 1430 domne.
1684 1382 1870 1430 Bened.
1891 1383 2024 1431 Deus
2044 1384 2192 1433 Pater
2214 1401 2331 1433 om-

1457 1445 1708 1512 nipotens.

1509 1513 1683 1562 Sermo
1707 1514 1866 1562 sancti
1892 1515 2095 1577 Leonis,
2128 1517 2291 1583 Papae.

1774 1581 1941 1629 Lectio
1960 1583 2023 1627 iv.

1620 1647 1777 1693 Serm.
1815 1648 1861 1694 4.
1890 1647 1953 1695 de
1974 1650 2145 1696 Nativ.

1538 1727 1745 1760 amnon
1764 1721 1932 1761 noster
1953 1751 1964 1773 ‚
1998 1711 2324 1771 dilectissimi,

1458 1717 1536 1834 S
1561 1775 1714 1826 hodie
1753 1787 1901 1826 natus
1951 1787 2026 1827 est
2062 1797 2073 1826 :
2114 1777 2328 1845 gaudea-

1458 1858 1587 1891 mus.
1613 1844 1786 1922 Neque
1808 1844 1942 1892 enim
1964 1845 2044 1893 fas
2067 1854 2142 1893 est
2163 1844 2328 1893 locum

1459 1924 1564 1957 esse
1588 1909 1797 1958 tristitiae
1817 1947 1828 1970 ,
1856 1907 1942 1958 ubi
1966 1907 2146 1960 natalis
2174 1919 2249 1960 est
2265 1913 2330 1959 vi·

1459 1984 1520 2024 tae
1548 1993 1559 2022 z
1586 1991 1696 2040 quae
1723 2013 1734 2034 ,
1777 1976 2074 2042 consumpto
2105 1977 2327 2025 mortali·

1459 2041 1576 2089 tatis
1611 2041 1825 2102 timore,
1860 2040 2004 2090 nobis
2043 2041 2227 2109 ingerit
2266 2042 2329 2092 de

1459 2107 1702 2172 promissa
1755 2108 2034 2157 aeternitate
2082 2108 2322 2158 laetitiam.

543 2175 797 2241 numquid
837 2175 962 2225 mihi
1011 2184 1087 2225 est
1125 2173 1210 2223 hic
1243 2212 1254 2234 ‚
1292 2174 1415 2223 dicit
1457 2174 1616 2221 Nemo
1644 2172 1709 2222 ab
1738 2172 1887 2238 hujus
1919 2173 2191 2223 alacritatis
2226 2189 2331 2241 par-

541 2241 787 2291 Duminus
807 2279 819 2302 ,
846 2242 1087 2307 quoniam
1122 2235 1318 2289 ablatus
1341 2250 1416 2289 est

542 2307 756 2373 pupulus
777 2324 919 2357 meus
944 2308 1098 2375 gratis
1120 2306 1144 2354 ⁴?
1179 2308 1413 2355 Domina-

542 2374 678 2423 tores
700 2374 806 2439 ejus
850 2373 1021 2440 inique
1058 2382 1218 2439 agunt
1240 2410 1252 2433 ‚
1293 2372 1416 2421 dicit

540 2439 789 2489 Duminus
832 2458 843 2487 :
882 2450 933 2489 et
959 2438 1149 2506 jugiter
1189 2447 1295 2487 tota
1333 2438 1414 2487 die

541 2522 731 2555 nomen
787 2522 959 2554 meum
1015 2503 1408 2571 blasphematur.

540 2573 755 2637 Propter
775 2570 875 2620 hoc
892 2572 1014 2621 sciet
1035 2570 1248 2638 populus
1274 2587 1415 2619 meus

540 2654 732 2686 nomen
751 2654 921 2687 meum
941 2676 953 2698 ,
977 2638 1030 2686 in
1048 2637 1129 2686 die
1152 2636 1239 2685 illa
1267 2654 1276 2683 :
1299 2637 1417 2702 quia

543 2720 571 2753 e
606 2721 638 2753 o
683 2704 788 2769 ipse
810 2742 822 2766 ,
861 2704 947 2769 qui
985 2701 1262 2770 loquebar,
1301 2719 1415 2751 ecce

544 2786 575 2819 a
636 2787 744 2818 um.

548 2850 594 2886 nt.
642 2836 806 2899 Quem
847 2832 1050 2883 vidistis
1078 2872 1090 2895 ‚
1150 2834 1416 2899 pastores?

543 2895 695 2951 dicite
722 2940 733 2963 ‚
780 2895 1081 2949 annuntiate
1127 2899 1272 2948 nobis
1299 2940 1310 2960 ‚
1331 2897 1338 2903 “
1363 2901 1416 2950 in

544 2968 688 3019 terris
723 2968 835 3034 quis
875 2961 1151 3033 apparuit?
1181 2971 1208 2997 *
1227 2967 1414 3016 Natum

542 3034 759 3084 vidimus
786 3073 797 3094 ‚
820 3041 873 3082 et
901 3033 1083 3082 choros
1105 3031 1414 3100 Angelorum

541 3099 885 3150 collaudantes
917 3098 1208 3148 Duminum.
1250 3104 1298 3155 fr.
1339 3098 1419 3148 Di-

540 3168 639 3216 cite
666 3203 679 3227 ,
706 3165 948 3232 quidnam
983 3163 1176 3214 vidistis
1199 3165 1224 3212 ?
1248 3173 1299 3214 et
1321 3182 1419 3214 an-

539 3229 774 3282 nuntiate
832 3231 1015 3280 Christi
1078 3229 1411 3280 nativitatem.

540 3301 730 3348 Natum
768 3297 1003 3346 vidimus.
1056 3295 1224 3349 Gluria
1260 3298 1412 3346 Patri.

542 3367 731 3416 Natum
758 3363 996 3413 vidimus.

681 3437 735 3484 ln
764 3435 982 3484 secundo
1012 3432 1284 3482 Nocturno.

1459 2239 1747 2304 ticipatiune
1769 2240 2061 2289 secernitur.
2079 2241 2191 2290 Una
2211 2257 2327 2290 cun-

1459 2306 1549 2353 ctis
1572 2304 1752 2354 laetitiae
1771 2304 2053 2355 communis
2076 2316 2149 2355 est
2167 2306 2294 2355 ratio
2319 2327 2328 2355 :

1459 2372 1578 2436 quia
1638 2370 1880 2420 Duminus
1929 2381 2097 2421 noster
2142 2374 2331 2437 peccati

1460 2436 1732 2503 mortisque
1755 2436 2036 2488 destructor
2050 2477 2062 2499 ‚
2084 2438 2212 2487 sicut
2233 2438 2337 2487 nul·

1459 2502 1564 2551 lum
1601 2520 1631 2551 a
1662 2499 1803 2552 reatu
1844 2503 2059 2553 liberum
2102 2504 2327 2569 reperit,

1460 2569 1529 2617 ita
1574 2568 1849 2617 liberandis
1900 2568 2133 2619 umnibus
2177 2571 2327 2619 venit.

1460 2635 1662 2684 Exultet
1686 2645 1913 2696 sanctus,
1938 2636 2057 2701 quia
2074 2636 2337 2702 appropin-

1461 2710 1584 2766 quat
1600 2700 1663 2749 ad
1700 2701 1922 2767 palmam
1946 2698 2192 2769 :gaudeat
2220 2719 2331 2769 pec-

1461 2768 1620 2827 cator,
1636 2768 1755 2832 quia
1779 2767 2021 2816 invitatur
2032 2768 2095 2817 ad
2114 2768 2336 2817 veniam:

1461 2833 1715 2882 animetur
1732 2833 1932 2900 gentilis
1956 2872 1967 2895 ,
1990 2836 2108 2900 quia
2132 2831 2339 2883 vocatur

1461 2898 1527 2947 ad
1544 2899 1718 2948 vitam.
1746 2900 1836 2948 Dei
1857 2916 2075 2966 namque
2098 2900 2249 2949 Filius
2266 2917 2336 2949 se·

1463 2965 1683 3014 cundum
1719 2965 2087 3032 plenitudinem
2136 2967 2336 3032 tempo-

1462 3032 1553 3092 ris,
1582 3049 1733 3098 quam
1760 3032 1913 3080 divini
1931 3033 2122 3082 consilii
2146 3033 2335 3081 inscru-

1464 3094 1625 3146 tabilis
1642 3098 1854 3147 altitudo
1873 3098 2137 3164 disposuit,
2164 3115 2335 3147 recon-

1462 3159 1731 3213 ciliandam
1775 3163 1964 3213 aucturi
1987 3181 2077 3214 suo
2101 3165 2335 3213 naturam

1462 3228 1658 3306 ge'neris
1688 3229 1960 3295 assumpsit
2005 3231 2244 3292 humani,
2277 3240 2336 3280 ut

1463 3291 1696 3344 inventor
1736 3298 1912 3345 mortis
1952 3297 2181 3346 diabolus
2203 3335 2213 3358 ,
2246 3314 2335 3363 per

1463 3363 1656 3427 ipsam,
1691 3379 1844 3428 quam
1874 3361 2065 3412 vicerat
2091 3401 2102 3426 ,
2125 3361 2341 3413 vincere'-

1466 3437 1562 3478 tur.

549 3501 673 3549 Asia,
695 3491 1014 3564 suscepimus
1036 3532 1047 3559 ‚
1070 3495 1225 3557 Deus,
1265 3495 1419 3546 mise-
1476 3507 1522 3560 νς.
1565 3495 1606 3544 Ο
1648 3511 1888 3564 magnum
1926 3491 2253 3565 mysterium,
2292 3505 2343 3547 et

614 3581 838 3615 HOEMALIS.

2021 3566 2083 3614 ’16
