3062 4145
895 448 1157 495 i)omini‹·a
1197 456 1376 512 quarta
1414 459 1526 514 post
1557 450 1912 516 Epiphaniam.

2161 458 2258 505 287

483 545 646 659 magis
691 559 753 593 ac
806 545 965 611 magis
1022 541 1247 594 abundet
1303 545 1355 593 in
1405 550 1457 591 et
1495 540 1661 591 calicis
1694 544 1812 592 mei.
1852 545 2076 611 Propter.
2110 534 2277 595 Gloria

481 610 550 659 sci
585 611 724 667 ntia,
746 610 874 659 etin
914 610 1053 659 omni
1090 626 1239 659 sensu
1267 620 1360 659 :ut
1402 608 1553 657 Patri.
1586 608 1810 674 Propter.

481 674 704 741 probe'tis
744 676 973 742 potiora,
1019 685 1077 725 ut
1114 677 1219 725 sitis
1261 677 1357 725 sin-

483 742 613 804 ceri,
664 752 717 792 et
737 743 843 791 sine
886 742 1077 792 offensa
1122 742 1175 791 in
1221 742 1356 791 diem

483 807 688 869 Christi,
738 808 914 874 repleti
953 809 1126 857 fructu
1152 808 1358 874 justitiae

481 890 574 939 per
617 875 791 923 Jesum
832 873 1113 935 Christum,
1158 876 1212 923 in
1245 874 1361 943 glo-

484 941 614 988 riam
638 950 692 990 et
723 940 929 989 laudem
964 940 1070 989 Dei.
1101 941 1238 990 Scire
1273 957 1358 989 au-

485 1015 588 1055 tem
622 1023 711 1055 vos
732 1006 863 1067 volo,
889 1006 1088 1066 fratres,
1111 1007 1229 1072 quia
1251 1024 1360 1073 quae

484 1072 623 1121 circa
657 1089 740 1122 me
781 1081 900 1121 sunt
925 1110 937 1135 ,
965 1072 1125 1139 magis
1159 1073 1224 1121 ad
1248 1090 1359 1138 pro-

490 1138 681 1188 fectum
705 1138 954 1188 venerunt
974 1139 1113 1186 Evan
1150 1138 1232 1188 elii
1256 1158 1268 1187 :
1290 1140 1361 1188 ita

483 1213 538 1253 ut
565 1203 770 1254 vincula
809 1221 926 1253 mea
970 1205 1108 1253 mani
1130 1205 1236 1254 esta
1268 1205 1359 1254 fie-

484 1279 600 1320 rent
632 1271 688 1319 in
732 1269 928 1320 Christo
960 1271 1013 1318 in
1044 1272 1184 1320 omni
1231 1288 1362 1335 prae-

485 1336 618 1386 torio
641 1375 654 1399 ,
698 1347 748 1386 et
785 1337 838 1386 in
880 1337 1058 1386 ceteris
1088 1337 1322 1386 omnibus
1341 1354 1356 1398 ;

485 1412 536 1452 et
561 1403 731 1468 plures
754 1419 782 1452 e
805 1402 1045 1452 fratribus
1068 1402 1120 1450 in
1143 1404 1360 1452 Domino

484 1469 799 1518 confidentes
823 1468 1031 1517 vinculis
1045 1469 1186 1530 meis,
1209 1469 1362 1518 abun·

486 1531 689 1584 dantius
743 1530 990 1584 aude‘rent
1032 1536 1139 1584 sine
1180 1537 1360 1585 timore

487 1601 699 1650 verbum
722 1602 813 1650 Dei
841 1601 993 1667 loqui.

488 1676 533 1730 ,3
561 1669 699 1716 Deus
720 1706 732 1727 ,
759 1667 845 1734 qui
880 1667 1021 1716 sedes
1055 1683 1205 1732 super
1226 1667 1361 1716 thro·

486 1750 608 1782 num
632 1772 645 1795 ,
705 1742 757 1783 et
791 1733 988 1799 judicas
1032 1728 1356 1800 aequitzitem,

487 1809 592 1848 esto
617 1799 873 1867 refugium
902 1799 1180 1866 pauperum
1200 1801 1252 1849 in
1277 1800 1359 1848 tri-

485 1865 744 1915 bulatione
774 1884 786 1915 ε
826 1867 851 1892 *
880 1865 1007 1928 Quia
1038 1876 1093 1914 tu
1116 1865 1249 1914 solus
1281 1865 1362 1914 la-

483 1931 664 1981 borem
700 1941 752 1980 et
796 1931 1025 1980 dolorem
1054 1931 1355 1980 consideras.

482 2012 525 2050 t.
559 1998 677 2048 Tibi
702 1999 839 2047 enim
856 1997 1123 2047 derelictus
1146 2007 1221 2046 est
1242 2015 1359 2064 pau-

477 2081 571 2130 per
592 2103 605 2125 ,
660 2065 849 2132 pupillo
894 2074 949 2113 tu
996 2065 1093 2113 eris
1137 2063 1354 2131 adjutor,

476 2131 627 2195 Quia.

789 2200 953 2243 Lot-tio
988 2199 1054 2260 iij.

590 2279 736 2311 mnu(
758 2261 961 2328 quidem
986 2270 1038 2311 et
1058 2270 1264 2327 propter
1286 2263 1358 2309 in-

623 2328 814 2377 vidiam
848 2337 901 2377 et
938 2328 1314 2377 contentionem
1343 2367 1353 2388 ,

598 2393 806 2461 quidam
847 2403 1017 2443 autem
1063 2403 1114 2443 et
1154 2402 1358 2459 propter

473 2462 673 2511 bonam
733 2460 1046 2509 voluntatem
1103 2460 1354 2510 Christum

474 2526 993 2594 praedicant,quidam
1011 2543 1070 2579 ex
1089 2526 1352 2587 charitate,

473 2594 698 2644 scientes
743 2593 983 2658 quoniam
1024 2594 1076 2641 in
1111 2592 1355 2642 defensio-

472 2676 599 2709 nem
660 2654 919 2724 Evange'lii
977 2659 1166 2725 positus
1222 2675 1349 2707 sum.

473 2726 697 2789 Quidam
732 2733 901 2773 autem
934 2742 994 2773 ex
1036 2725 1354 2775 contentione

473 2792 732 2841 Christum
772 2792 1074 2842 annuntiant
1110 2807 1213 2839 non
1247 2791 1354 2839 sin-

473 2860 590 2908 cere
613 2896 626 2920 ,
686 2857 1026 2906 existimantes
1071 2856 1351 2922 pressuram

473 2940 527 2974 se
552 2924 793 2973 suscitAre
811 2923 1021 2972 vinculis
1053 2924 1195 2972 meis.
1221 2923 1352 2986 Quid

473 2990 649 3040 enim?
681 2991 813 3038 Dum
850 2991 988 3038 omni
1030 2989 1201 3049 modo,
1251 2991 1352 3039 sive

473 3074 566 3124 per
590 3057 1043 3116 occasionem,sive
1067 3073 1159 3122 per
1182 3054 1354 3106 verita-

473 3135 611 3183 tem,
640 3122 864 3170 Christus
903 3122 1264 3170 annuntietur:
1304 3133 1354 3172 et

472 3193 524 3238 in
551 3189 653 3238 hoc
684 3184 897 3256 gaudeo,
926 3188 1013 3237 sed
1029 3197 1080 3236 et
1101 3187 1347 3255 gaudebo.

474 3269 518 3306 πᾷ.
553 3255 597 3304 A
621 3255 810 3303 dextris
832 3263 907 3303 est
922 3254 1046 3302 mihi
1071 3255 1315 3302 Dominus
1338 3293 1348 3315 ,

473 3317 539 3372 ne
563 3321 889 3371 commovear
917 3339 927 3368 :
957 3324 979 3344 *
1010 3322 1218 3386 Propter
1255 3319 1352 3370 hoe

1535 674 1588 719 ln
1626 674 1846 722 secundo
1871 675 2142 725 Nocturna.

1486 741 1561 789 Ex
1591 739 1720 789 libro
1741 742 2009 792 Moralium
2032 746 2193 794 sancti

1614 806 1866 875 Gregorii,
1895 810 2056 875 Papae.

1503 872 1665 918 Lectio
1693 874 1754 921 iv.
1783 875 1890 937 Lc'b.
1929 878 1980 925 4.
2018 893 2061 924 c.
2090 878 2171 926 30.

1506 954 1705 987 eramus
1759 940 2116 991 refectionibus
2159 960 2277 993 cor-

1539 1020 1632 1069 pus
1650 1043 1661 1065 ‚
1697 1021 1761 1054 ne
1789 1008 2117 1057 extenuatum
2138 1009 2274 1059 defi-

1405 1068 1506 1117 ciat
1529 1087 1541 1117 :
1571 1069 1899 1121 extenuamus
1936 1073 2239 1126 abstinentia
2262 1120 2271 1137 ,

1405 1150 1469 1183 ne
1493 1151 1583 1185 nos
1607 1137 1852 1203 reple'tum
1877 1150 2073 1204 premat
2100 1160 2113 1190 :
2138 1159 2279 1220 vege-

1407 1199 1571 1250 tamus
1614 1202 1710 1252 hoc
1762 1204 1981 1255 motibus
2006 1244 2019 1266 ‚
2067 1224 2132 1257 ne
2176 1221 2274 1259 situ

1406 1267 1770 1318 immobilitatis
1800 1272 2016 1322 intereat
2048 1291 2059 1321 ε
2091 1274 2180 1324 sed
2204 1277 2278 1326 ci-

1408 1334 1504 1383 tius
1551 1334 1648 1384 hoc
1682 1336 1975 1387 collocando
2015 1339 2233 1391 sistimus
2261 1381 2271 1403 ,

1406 1416 1470 1448 ne
1519 1401 1626 1467 ipsa
1666 1417 1756 1451 sua
1799 1405 2115 1471 vegetatione
2160 1423 2279 1457 suc-

1405 1466 1613 1516 cumbat
1657 1487 1669 1516 τ
1717 1469 2023 1535 adjumentis
2056 1471 2154 1522 hoc
2197 1475 2276 1524 ve-

1405 1532 1555 1582 stium
1597 1534 1830 1601 tegimus,
1853 1552 1918 1585 ne
1941 1538 2101 1605 frigus
2125 1540 2275 1589 inte'r·

1406 1598 1532 1648 imat
1575 1619 1586 1647 :
1619 1610 1671 1649 et
1715 1603 1920 1667 quaesita
1983 1604 2276 1670 adjumenta

1406 1664 1728 1730 projicimuS,
1772 1684 1837 1716 ne
1884 1669 2021 1718 calor
2077 1673 2270 1721 exurat.

1405 1732 1502 1779 Tot
1524 1731 1678 1798 igitur
1699 1732 2071 1785 diversitatibus
2096 1754 2279 1786 occur-

1407 1797 1598 1854 re'nteS,
1627 1799 1750 1864 quid
1784 1800 2007 1867 agimus,
2033 1802 2127 1851 nisi
2160 1820 2279 1853 cor—

1406 1862 1721 1928 ruptibilitati
1745 1865 2003 1927 servimus,
2026 1877 2084 1917 ut
2100 1868 2277 1920 saltem

1407 1929 1748 1995 multiplicitas
1797 1927 2009 1999 impensi
2054 1931 2278 2002 obsequii

1405 2011 1584 2060 corpus
1607 1998 1864 2056 sustineat,
1929 1999 2028 2048 uod
2052 2001 2277 2052 anxietas

1406 2061 1622 2111 infirmae
1645 2063 1993 2116 mutabilitatis
2062 2078 2203 2117 ravat
2219 2069 2244 2117 ἱ)

1408 2138 1436 2177 n}
1484 2128 1638 2177 Notas
1670 2130 1796 2182 mihi
1819 2131 2006 2193 fecisti,
2076 2134 2271 2194 omine,

1405 2193 1508 2242 vias
1547 2196 1659 2245 vitae
1709 2214 1721 2244 ε
1763 2196 1788 2222 “*
1833 2196 2142 2267 Adimplebis
2192 2217 2275 2250 me

1404 2258 1573 2308 laetitia
1612 2277 1727 2309 cum
1767 2263 1908 2315 vultu
1950 2273 2037 2316 tuo
2084 2284 2095 2313 ε
2133 2266 2277 2315 dele-

1403 2327 1647 2375 ctationes
1671 2329 1723 2375 in
1757 2328 1963 2381 de'xtera
2001 2340 2091 2380 tua
2117 2348 2275 2398 usque

1403 2392 1456 2439 in
1480 2391 1653 2442 finem.
1685 2404 1730 2445 tt.
1756 2396 1833 2443 Tu
1862 2413 1915 2444 es
1937 2398 2022 2462 qui
2047 2397 2275 2448 restitues

1403 2455 1734 2509 hereditatem
1753 2476 1919 2509 meam
1942 2462 2085 2511 mihi.
2106 2463 2275 2513 Adim-

1402 2523 1576 2588 plebis.

1702 2594 1866 2640 Lectio
1906 2612 1950 2641 v.

1404 2669 1410 2673 '
1443 2668 1604 2708 ““mm
1643 2656 1773 2707 bene
1798 2675 1888 2724 per
1910 2660 2121 2710 Paulum
2156 2662 2275 2712 dici·

1552 2732 1636 2772 tur
1664 2742 1674 2771 ε
1701 2720 1924 2774 Vanitati
1953 2728 2089 2775 enim
2111 2729 2273 2795 subje-

1399 2798 1481 2839 cta
1504 2798 1579 2837 est
1599 2790 1829 2839 creatura
1855 2808 1954 2840 non
1967 2794 2155 2857 volens,
2182 2797 2268 2845 sed

1399 2865 1604 2921 propter
1630 2872 1746 2905 eum
1779 2858 1863 2923 qui
1904 2858 2114 2925 subjecit
2158 2877 2269 2909 eam

1398 2924 1450 2970 in
1496 2939 1581 2988 spe
1610 2940 1620 2970 :
1660 2923 1778 2988 quia
1809 2932 1860 2972 et
1897 2924 2005 2990 ipsa
2038 2929 2267 2988 creatura

1398 2987 1692 3037 liberabitur
1743 3006 1773 3038 a
1818 2992 2052 3040 servitute
2101 3009 2268 3042 corru-

1398 3055 1614 3121 ptionis,
1671 3055 1723 3103 in
1769 3053 2052 3105 libertatem
2102 3059 2271 3125 gloriae

1398 3120 1616 3170 filiorum
1658 3121 1766 3170 Dei.
1815 3120 2035 3172 Vanitati
2086 3126 2269 3191 quippe

1398 3185 1626 3236 creatura
1657 3203 1759 3236 non
1796 3189 1968 3238 volens
1998 3188 2227 3239 subditur
2255 3212 2265 3239 :

1398 3254 1516 3319 quia
1537 3252 1690 3302 homo
1707 3291 1718 3312 ,
1746 3255 2105 3321 qui0ingenitoe
2144 3274 2271 3306 con-

1397 3319 1590 3368 stantiae
1621 3328 1808 3368 statum
1833 3321 2004 3369 volens
2028 3321 2263 3383 deseruit,

473 3384 749 3439 dilata'tum
792 3396 868 3435 est
916 3403 1004 3435 cor
1047 3403 1253 3446 meum,
1303 3396 1354 3435 et
1397 3402 1593 3451 pressus
1625 3386 1763 3450 justae
1794 3383 2113 3436 mortalitatis
2148 3390 2267 3454 pon,

473 3451 722 3505 exultavit
770 3453 839 3501 lin

474 3523 647 3572 minus
694 3535 810 3587 pars

913 3469 944 3501 8,
978 3469 1107 3500 mea.

1153 3473 1196 3500 w.
1234 3453 1353 3501 ’Βό-
1396 3451 1542 3511 dere,
1577 3438 1753 3500 nolens
1786 3451 2133 3503 mutabilitatis
2170 3471 2269 3504 suae

887 3517 1141 3568 ereditatis
1188 3535 1346 3580 meae,
1396 3517 1704 3584 corruptioni
1723 3518 1890 3567 servit.
1919 3519 2016 3568 Sed
2038 3520 2269 3572 creatura
