3062 4145
1231 452 1493 500 Dominica
1515 452 1857 515 Sexagesimae.

658 549 711 589 et
728 557 760 590 a
783 542 1042 609 reptilibus
1058 557 1214 611 usque
1231 544 1295 595 ad
1314 546 1532 595 volatilia

656 606 857 657 delebo.
893 610 1025 672 Quid
1065 610 1296 662 laeserant
1337 613 1530 661 irratio·

657 674 850 723 nabilia
871 676 895 724 ⁴?
918 676 1016 725 Sed
1052 678 1171 742 quia
1211 688 1415 745 propter
1449 678 1530 727 hs>-

657 742 852 790 minem
869 742 955 791 illa
977 744 1114 793 facta
1146 754 1292 793 erant
1318 783 1328 805 ‚
1360 761 1420 793 eo
1439 745 1530 793 uti—

660 823 763 871 que
787 808 953 857 deleto
968 847 980 869 ‚
1009 820 1211 876 propter
1228 827 1379 877 quem
1395 811 1533 860 facta

661 882 803 933 sunt,
828 875 1142 941 ct'msequens
1163 886 1287 937 erat,
1301 886 1358 925 ut
1379 877 1530 927 etiam

661 938 751 987 illa
786 940 1106 1003 delerentur,
1133 943 1251 1009 quia
1284 959 1387 991 non
1427 952 1534 993 erat

658 1006 749 1071 qui
772 1005 850 1054 his
876 1003 1116 1057 uteretur.
1160 1010 1319 1058 Sensu
1363 1020 1530 1060 autem

660 1071 843 1121 allidi-e
864 1073 988 1121 illud
1016 1076 1394 1125 manifestatur:
1415 1077 1534 1142 quia

658 1136 817 1186 homo
855 1155 998 1188 mens
1016 1150 1091 1189 est
1117 1179 1129 1197 ‚
1167 1158 1276 1207 quae
1295 1150 1369 1190 est
1392 1143 1535 1192 ratic·

658 1205 739 1253 nis
760 1221 936 1270 capax.
956 1207 1117 1257 Homo
1135 1209 1272 1256 euim
1295 1208 1535 1258 definitur

658 1269 851 1319 animal
872 1272 1040 1320 vivum
1065 1311 1077 1333 ‚
1105 1274 1316 1323 mortale
1344 1313 1356 1335 ,
1386 1277 1532 1324 ratio·

659 1336 1144 1415 inabilq.·P1-incipzili
1180 1340 1334 1407 igitur
1365 1343 1535 1390 extin-

658 1413 745 1452 cto
768 1441 779 1462 ‚
808 1413 961 1452 euam
984 1421 1157 1454 sensus
1195 1408 1359 1455 omnis
1383 1407 1536 1456 extin-

658 1470 867 1535 guitur,
912 1486 973 1518 eo
1012 1471 1148 1536 quod
1189 1472 1313 1521 nihil
1357 1473 1534 1540 reliqui

661 1535 729 1584 ad
752 1535 965 1585 salutem
989 1532 1201 1602 supe'rsit
1226 1576 1237 1598 ,
1259 1556 1374 1587 cum
1397 1539 1537 1589 salu-

664 1602 729 1650 tis
763 1600 1157 1652 fundamentum
1201 1605 1358 1654 virtus
1397 1606 1534 1656 defe-

662 1668 808 1716 cerit.
1411 1704 1413 1706 -

664 1739 717 1795 εὶ.
743 1735 934 1782 Ponam
959 1751 1131 1784 arcum
1167 1753 1337 1786 meum
1363 1739 1412 1786 in
1437 1739 1536 1786 ηὑ-

664 1798 814 1848 bibus
853 1801 994 1860 coeli,
1022 1801 1150 1850 dixit
1187 1803 1429 1852 Duminus
1471 1804 1534 1852 nd

662 1867 771 1915 Noe
800 1885 812 1914 ε
838 1864 867 1892 *
908 1868 975 1916 Et
1007 1867 1311 1918 recordabor
1333 1869 1537 1919 foederis

664 1934 768 1981 mei
797 1972 808 1991 ‚
852 1933 988 1999 quod
1034 1931 1197 2001 pepigi
1248 1945 1432 1984 tecum.
1485 1940 1533 1990 ab.

664 2001 893 2065 Cumque
921 1999 1180 2049 obduxero
1207 2001 1424 2051 nubibus
1447 2020 1538 2051 coe·

662 2064 773 2113 lum
803 2104 814 2123 ‚
844 2062 1105 2131 apparebit
1144 2084 1289 2117 arcus
1317 2086 1458 2117 meus
1483 2069 1534 2117 in

665 2131 905 2180 nubibus.
946 2134 1027 2181 Et.

982 2202 1150 2251 Lectio
1175 2202 1240 2265 vj,

771 2282 803 2313 υ
852 2264 1324 2315 οοηάεῐηηειῑὶόηεπι
1369 2275 1536 2314 autem

669 2278 771 2386 L&
796 2331 1160 2392 cetererum,et
1182 2332 1245 2380 ad
1270 2332 1537 2397 expressib-

668 2414 788 2447 nem
830 2395 1025 2464 pietatis
1083 2397 1261 2447 divinae
1288 2437 1299 2457 ,
1355 2398 1540 2447 dicitur

666 2466 775 2513 Noe
798 2464 933 2529 apud
964 2465 1124 2513 Deum
1156 2464 1369 2531 gratiam
1394 2465 1538 2514 inve-

666 2531 816 2579 nisse.
850 2529 1010 2578 Simul
1034 2531 1317 2579 ostenditur
1344 2569 1355 2590 ,
1437 2530 1534 2579 uod

663 2596 923 2645 huminem
936 2596 1126 2661 justum
1146 2613 1249 2645 non
1267 2595 1421 2645 obsim
1461 2607 1536 2645 ret

662 2662 877 2712 alicrum
902 2660 1109 2711 ostensio
1138 2701 1149 2722 ‚
1189 2663 1392 2728 quando
1431 2664 1535 2728 ipse

663 2729 729 2777 ad
756 2729 907 2777 totius
940 2724 1135 2795 generis
1158 2727 1441 2777 reservatur
1463 2746 1534 2778 se-

666 2793 957 2844 minarium.
988 2795 1081 2857 Qui
1109 2811 1211 2843 non
1253 2794 1536 2861 generatis>-

668 2863 746 2910 nis
786 2858 1082 2922 nobilitate,
1133 2860 1218 2909 sed
1257 2860 1460 2927 justitiae
1486 2870 1536 2909 et

670 2928 990 2994 perfectiouis
1039 2928 1220 2976 merito
1282 2925 1530 2975 laudatur.

667 2995 870 3043 Probati
912 2994 1046 3042 enim
1085 2994 1178 3042 viri
1216 3010 1406 3060 genus,
1434 2993 1538 3041 vir-

672 3061 791 3110 tutis
824 3057 1055 3126 prosapia
1093 3069 1168 3108 est
1201 3078 1212 3104 ε
1255 3060 1373 3125 quia
1411 3059 1539 3108 sicut

666 3126 931 3176 huminum
966 3142 1123 3194 genus
1160 3125 1386 3174 li6mines
1413 3163 1425 3185 ‚
1469 3126 1538 3174 ita

664 3188 952 3242 animarum
994 3209 1158 3260 {renus
1172 3191 1378 3240 virtutes
1401 3201 1534 3240 sunt.

661 3261 865 3309 Etenim
884 3237 1086 3308 familiae
1103 3257 1365 3306 heminum
1385 3257 1542 3322 splen-

665 3326 789 3375 dere
812 3325 1010 3391 generis
1039 3323 1392 3384 nobilitantur,
1425 3323 1541 3371 ani-

665 3391 869 3441 maii-um
905 3401 1078 3440 autem
1099 3389 1406 3438 clarificatur
1427 3385 1538 3456 gra·

666 3459 738 3507 tia
762 3457 1029 3523 splendere
1058 3456 1272 3504 virtutis.

669 3538 718 3593 ις.
740 3526 837 3574 Per
870 3523 1221 3589 memetipsum
1239 3521 1403 3588 juranti
1425 3559 1439 3585 ,
1465 3521 1538 3570 di-

1572 548 1641 597 cit
1672 548 1916 597 Dbminus
1939 586 1949 601 .
1976 564 2079 597 non
2115 548 2345 615 adjiciam
2372 550 2445 599 ul·

1573 623 1651 663 tra
1675 631 1828 679 aquas
1851 613 2023 663 diluvii
2042 632 2192 681 super
2212 624 2399 665 terram
2429 636 2439 664 :

1574 681 1703 745 pacti
1725 681 1821 729 mei
1847 679 2148 729 recordabor
2174 718 2186 743 ‚
2218 679 2327 731 *Ut
2343 698 2445 730 non

1573 746 1782 812 perdam
1829 747 1969 813 aquis
2016 746 2188 796 diluvii
2236 764 2439 796 omnem

1573 829 1796 861 carnem.
1839 810 1885 860 sff-
1931 812 2114 861 Arcum
2157 830 2328 862 meum
2360 831 2445 879 po-

1574 895 1693 927 nam
1716 880 1768 928 in
1792 878 2026 938 nubibus,
2054 888 2106 927 et
2127 879 2223 928 erit
2243 880 2442 947 signum

1573 944 1777 993 foederis
1799 946 1932 993 inter
1966 962 2047 993 me
2074 983 2086 1004 ‚
2112 954 2164 994 et
2184 946 2317 994 inter
2339 955 2445 995 ter—

1577 1027 1702 1059 ram.
1731 1012 1812 1061 Ut.
1843 1009 2013 1059 Gl6ria
2034 1012 2185 1060 Patri.
2204 1013 2286 1061 Ut.

1758 1076 1814 1121 ln
1840 1074 1984 1122 tertio
2007 1073 2278 1122 Nocturuo.

1691 1140 1850 1191 lectio
1882 1141 2040 1190 sancti
2077 1142 2334 1209 Evangelii

1755 1207 2030 1257 secundum
2070 1209 2273 1257 Lucam.

1761 1274 1928 1321 Lectio
1953 1273 2035 1337 vij.
2074 1278 2193 1341 Cap.
2224 1277 2273 1324 8.

1578 1349 1660 1460 Iu
1704 1340 1788 1389 illo
1819 1340 2044 1406 tempore
2072 1359 2083 1388 z
2127 1343 2255 1389 Cum
2290 1339 2442 1390 turba

1658 1405 1874 1472 plurima
1912 1406 2265 1467 convenirent,
2304 1416 2355 1456 et
2380 1407 2444 1456 de

1577 1470 1858 1522 civitatibus
1898 1473 2223 1539 properarent
2268 1472 2333 1521 ad
2366 1475 2445 1522 Je-

1577 1556 1688 1587 sum
1711 1577 1722 1599 ,
1757 1538 1884 1588 dixit
1905 1555 1995 1604 per
2020 1537 2400 1588 similitudinem
2430 1559 2441 1587 τ

1579 1606 1712 1654 Exiit
1760 1605 1845 1670 qui
1891 1606 2107 1654 seminat
2134 1645 2143 1664 ,
2196 1605 2444 1654 seminare

1578 1687 1749 1720 semen
1773 1687 1936 1719 suum.
1963 1673 2029 1720 Et
2062 1671 2268 1736 reliqua.

1653 1737 1869 1785 llomilia
1893 1739 2050 1787 sancti
2086 1738 2311 1804 Gregbrii
2335 1775 2346 1797 ‚

1929 1806 2089 1870 Papae.

1711 1869 1896 1918 Homil.
1927 1873 2005 1918 45.
2034 1874 2083 1918 in
2107 1873 2306 1935 Evang.

1669 1953 1803 1984 acrio
1823 1936 1981 1985 sancti
1998 1935 2273 2002 Evangelii,
2294 1950 2447 2001 quam

1578 1945 1669 2058 L
1699 2001 1872 2061 modo,
1909 2002 2092 2051 fratres
2126 2001 2441 2062 charissimi,

1579 2066 1806 2128 audistis,
1832 2067 2139 2134 expositidne
2177 2084 2280 2116 non
2308 2067 2445 2115 indi-

1579 2143 1666 2211 get
1692 2173 1703 2194 ,
1741 2134 1828 2183 sed
1868 2134 2229 2183 admonitibne.
2283 2134 2446 2195 Quam

1581 2216 1717 2249 emm
1758 2217 1848 2265 per
1894 2200 2066 2249 semeti
2103 2216 2210 2249 sam
2251 2200 2448 2248 veritas
2523 2220 2531 2228 ·

1581 2267 1808 2332 exp6suit
1833 2304 1844 2327 ‚
1889 2266 2021 2315 hanc
2095 2266 2306 2315 iscutere
2356 2264 2446 2314 hu·

1581 2334 1732 2381 mana
1752 2332 1999 2399 fragilitas
2037 2348 2138 2380 non
2158 2332 2440 2398 praesumat.

1579 2397 1678 2447 Sed
1723 2408 1796 2447 est
1832 2398 1967 2464 quod
2001 2398 2207 2447 sollicite
2251 2398 2304 2445 in
2350 2398 2446 2447 hac

1580 2464 1684 2530 ipsa
1717 2463 2023 2529 expositidne
2047 2463 2308 2513 Dominica
2330 2480 2448 2529 pcn-

1579 2530 1688 2579 szire
1717 2530 1990 2579 debeamus
2019 2549 2029 2578 :
2052 2530 2170 2595 quia
2192 2531 2231 2578 si
2259 2547 2348 2579 nos
2372 2548 2449 2579 vo·

1580 2596 1654 2644 bis
1670 2613 1840 2645 semen
1859 2598 2087 2655 verbum,
2109 2612 2286 2662 agrum
2310 2613 2450 2644 mun·

1579 2662 1700 2710 dum
1724 2701 1734 2719 ‚
1764 2662 1989 2710 vulneres
2028 2661 2276 2711 daenu'mia
2306 2700 2317 2721 ‚
2352 2662 2448 2728 spi·

1579 2746 1668 2776 nas
1691 2728 1887 2777 divitias
1935 2728 2215 2795 significare
2252 2728 2448 2777 diceri*-

1580 2810 1708 2851 mus,
1728 2794 1790 2842 ad
1811 2793 2118 2843 crede-ndum
2144 2794 2286 2843 nobis
2306 2812 2448 2843 mens

1578 2860 1787 2909 fursitan
1811 2869 1975 2909 vestra
2005 2858 2274 2909 dubitaret.
2302 2861 2449 2909 Unde

1579 2936 1629 2975 et
1668 2926 1802 2975 idem
1834 2925 2077 2974 deinus
2121 2944 2211 2992 per
2242 2927 2448 2975 semeti-

1580 3009 1722 3058 psum
1787 2992 2021 3072 ‹lifmitus
2066 3002 2141 3041 est
2201 2993 2450 3058 expdnere

1580 3059 1714 3124 quod
1741 3057 1852 3106 dice
1889 3067 1941 3106 at
1967 3097 1977 3118 ,
2005 3067 2063 3107 ut
2083 3057 2247 3107 sciatis
2279 3076 2448 3108 rerum

1581 3124 1966 3201 significatit'mes
2021 3141 2241 3190 quaerere
2288 3126 2339 3173 in
2390 3126 2449 3173 iis

1582 3192 1752 3250 etiam,
1815 3207 1888 3239 uae
1910 3207 1997 3255 per
2020 3190 2341 3256 semetipsum
2367 3192 2450 3240 ni>-

1582 3257 1675 3305 luit
1701 3273 1795 3322 exp
1815 3256 1983 3304 amire.

1586 3336 1638 3400 iq.
1660 3321 1922 3372 Benedixit
1944 3323 2077 3370 Deus
2100 3323 2205 3370 Noe
2224 3361 2235 3383 ‚
2258 3331 2310 3370 et
2330 3320 2451 3371 filiis

1582 3405 1718 3454 ejus,
1752 3397 1803 3437 et
1834 3387 1963 3436 dixit
1994 3387 2059 3436 ad
2105 3404 2188 3437 eos
2216 3408 2227 3436 :
2274 3389 2447 3437 *Cre-

1581 3454 1702 3504 scite
1725 3463 1777 3503 et
1811 3453 2213 3519 multiplicamini
2239 3493 2250 3514 ,
2279 3463 2329 3503 et
2368 3471 2453 3503 re·—

1583 3521 1714 3588 plete
1745 3529 1947 3570 terram.
1981 3526 2032 3578 ᾖ.
2061 3522 2191 3570 Ecce
2230 3537 2322 3588 ego
2346 3521 2453 3570 stit-
