<?xml version="1.0" encoding="UTF-8"?>
<!DOCTYPE html PUBLIC "-//W3C//DTD XHTML 1.0 Transitional//EN"
    "http://www.w3.org/TR/xhtml1/DTD/xhtml1-transitional.dtd">
<html xmlns="http://www.w3.org/1999/xhtml" xml:lang="en" lang="en">
 <head>
  <title>
</title>
<meta http-equiv="Content-Type" content="text/html;charset=utf-8" />
  <meta name='ocr-system' content='tesseract 3.04.00' />
  <meta name='ocr-capabilities' content='ocr_page ocr_carea ocr_par ocr_line ocrx_word'/>
</head>
<body>
  <div class='ocr_page' id='page_1' title='image "./breviariumroman01brevgoog/breviariumroman01brevgoog_0286.png"; bbox 0 0 3062 4145; ppageno 0'>
   <div class='ocr_carea' id='block_1_1' title="bbox 1044 467 2336 533">
    <p class='ocr_par' dir='ltr' id='par_1_1' title="bbox 1044 467 2336 533">
     <span class='ocr_line' id='line_1_1' title="bbox 1044 467 2336 533; baseline 0.002 -18"><span class='ocrx_word' id='word_1_1' title='bbox 1044 469 1096 515; x_wconf 85' lang='lat' dir='ltr'><strong>lu</strong></span> <span class='ocrx_word' id='word_1_2' title='bbox 1125 467 1311 517; x_wconf 82' lang='lat' dir='ltr'><strong>Octava</strong></span> <span class='ocrx_word' id='word_1_3' title='bbox 1335 469 1492 517; x_wconf 85' lang='lat' dir='ltr'><strong>sancti</strong></span> <span class='ocrx_word' id='word_1_4' title='bbox 1516 468 1772 533; x_wconf 75' lang='lat' dir='ltr'><strong>Stephani.</strong></span> <span class='ocrx_word' id='word_1_5' title='bbox 2238 469 2336 518; x_wconf 82' lang='lat'><strong>223</strong></span> 
     </span>
    </p>
   </div>
   <div class='ocr_carea' id='block_1_2' title="bbox 541 554 2344 2331">
    <p class='ocr_par' dir='ltr' id='par_1_2' title="bbox 541 554 2344 2331">
     <span class='ocr_line' id='line_1_2' title="bbox 548 554 2037 625; baseline -0.002 -17"><span class='ocrx_word' id='word_1_6' title='bbox 548 568 601 608; x_wconf 85' lang='lat' dir='ltr'>et</span> <span class='ocrx_word' id='word_1_7' title='bbox 621 575 730 608; x_wconf 73' lang='lat' dir='ltr'><strong>voe.</strong></span> <span class='ocrx_word' id='word_1_8' title='bbox 753 558 913 622; x_wconf 83' lang='lat' dir='ltr'>Quem</span> <span class='ocrx_word' id='word_1_9' title='bbox 935 554 1301 625; x_wconf 64' lang='lat' dir='ltr'><strong>Prophetarum</strong></span> <span class='ocrx_word' id='word_1_10' title='bbox 1319 575 1422 608; x_wconf 90' lang='lat' dir='ltr'><strong>non</strong></span> <span class='ocrx_word' id='word_1_11' title='bbox 1761 558 1929 607; x_wconf 82' lang='lat' dir='ltr'>Lectio</span> <span class='ocrx_word' id='word_1_12' title='bbox 1967 559 2037 623; x_wconf 82' lang='lat' dir='ltr'>iij.</span> 
     </span>
     <span class='ocr_line' id='line_1_3' title="bbox 544 624 2341 745; baseline 0.001 -71"><span class='ocrx_word' id='word_1_13' title='bbox 544 634 668 674; x_wconf 86' lang='lat' dir='ltr'><strong>sunt</strong></span> <span class='ocrx_word' id='word_1_14' title='bbox 722 626 969 691; x_wconf 78' lang='lat' dir='ltr'><strong>persecuti</strong></span> <span class='ocrx_word' id='word_1_15' title='bbox 1008 635 1175 691; x_wconf 79' lang='lat' dir='ltr'><strong>patres</strong></span> <span class='ocrx_word' id='word_1_16' title='bbox 1213 626 1364 675; x_wconf 86' lang='lat' dir='ltr'><strong>vestri</strong></span> <span class='ocrx_word' id='word_1_17' title='bbox 1398 626 1423 673; x_wconf 81' lang='lat'><strong>‘?</strong></span> <span class='ocrx_word' id='word_1_18' title='bbox 1465 633 1691 745; x_wconf 80' lang='lat' dir='ltr'><strong>Posrris</strong></span> <span class='ocrx_word' id='word_1_19' title='bbox 1743 635 1912 675; x_wconf 87' lang='lat' dir='ltr'><strong>autem</strong></span> <span class='ocrx_word' id='word_1_20' title='bbox 1951 624 2163 693; x_wconf 72' lang='lat' dir='ltr'><strong>genibus</strong></span> <span class='ocrx_word' id='word_1_21' title='bbox 2185 664 2197 685; x_wconf 88' lang='lat'>‚</span> <span class='ocrx_word' id='word_1_22' title='bbox 2232 625 2341 675; x_wconf 85' lang='lat' dir='ltr'><strong>cla—</strong></span> 
     </span>
     <span class='ocr_line' id='line_1_4' title="bbox 543 691 2335 759; baseline 0.001 -20"><span class='ocrx_word' id='word_1_23' title='bbox 543 692 611 741; x_wconf 85' lang='lat' dir='ltr'><strong>Et</strong></span> <span class='ocrx_word' id='word_1_24' title='bbox 628 691 925 741; x_wconf 67' lang='lat' dir='ltr'><strong>occiderunt</strong></span> <span class='ocrx_word' id='word_1_25' title='bbox 948 708 1033 741; x_wconf 75' lang='lat' dir='ltr'><strong>eos</strong></span> <span class='ocrx_word' id='word_1_26' title='bbox 1050 730 1063 752; x_wconf 88' lang='lat'>,</span> <span class='ocrx_word' id='word_1_27' title='bbox 1086 692 1173 757; x_wconf 89' lang='lat' dir='ltr'><strong>qui</strong></span> <span class='ocrx_word' id='word_1_28' title='bbox 1192 708 1424 757; x_wconf 80' lang='lat' dir='ltr'><strong>praenun-</strong></span> <span class='ocrx_word' id='word_1_29' title='bbox 1588 692 1746 741; x_wconf 76' lang='lat' dir='ltr'><strong>mavit</strong></span> <span class='ocrx_word' id='word_1_30' title='bbox 1764 709 1885 741; x_wconf 83' lang='lat' dir='ltr'>voce</span> <span class='ocrx_word' id='word_1_31' title='bbox 1905 709 2107 759; x_wconf 77' lang='lat' dir='ltr'><strong>magna,</strong></span> <span class='ocrx_word' id='word_1_32' title='bbox 2134 692 2335 741; x_wconf 84' lang='lat' dir='ltr'>dicens:</span> 
     </span>
     <span class='ocr_line' id='line_1_5' title="bbox 543 753 2337 818; baseline 0.001 -12"><span class='ocrx_word' id='word_1_33' title='bbox 543 753 743 808; x_wconf 83' lang='lat' dir='ltr'><strong>tia&#39;bant</strong></span> <span class='ocrx_word' id='word_1_34' title='bbox 774 758 839 807; x_wconf 89' lang='lat' dir='ltr'>de</span> <span class='ocrx_word' id='word_1_35' title='bbox 872 756 1091 807; x_wconf 77' lang='lat' dir='ltr'><strong>adventu</strong></span> <span class='ocrx_word' id='word_1_36' title='bbox 1130 757 1293 818; x_wconf 76' lang='lat' dir='ltr'><strong>susti,</strong></span> <span class='ocrx_word' id='word_1_37' title='bbox 1337 774 1423 806; x_wconf 88' lang='lat' dir='ltr'><strong>cu·</strong></span> <span class='ocrx_word' id='word_1_38' title='bbox 1467 757 1681 807; x_wconf 77' lang='lat' dir='ltr'>Domine</span> <span class='ocrx_word' id='word_1_39' title='bbox 1704 796 1715 816; x_wconf 89' lang='lat'>‚</span> <span class='ocrx_word' id='word_1_40' title='bbox 1764 774 1828 807; x_wconf 88' lang='lat' dir='ltr'>ne</span> <span class='ocrx_word' id='word_1_41' title='bbox 1867 759 2055 807; x_wconf 70' lang='lat' dir='ltr'><strong>statuas</strong></span> <span class='ocrx_word' id='word_1_42' title='bbox 2100 758 2196 807; x_wconf 88' lang='lat' dir='ltr'><strong>illis</strong></span> <span class='ocrx_word' id='word_1_43' title='bbox 2238 758 2337 807; x_wconf 87' lang='lat' dir='ltr'><strong>hoc</strong></span> 
     </span>
     <span class='ocr_line' id='line_1_6' title="bbox 541 822 2343 889; baseline 0.002 -18"><span class='ocrx_word' id='word_1_44' title='bbox 541 824 620 888; x_wconf 85' lang='lat' dir='ltr'><strong>jus</strong></span> <span class='ocrx_word' id='word_1_45' title='bbox 646 840 735 873; x_wconf 85' lang='lat' dir='ltr'><strong>vos</strong></span> <span class='ocrx_word' id='word_1_46' title='bbox 775 840 913 873; x_wconf 86' lang='lat' dir='ltr'><strong>nunc</strong></span> <span class='ocrx_word' id='word_1_47' title='bbox 934 823 1216 889; x_wconf 76' lang='lat' dir='ltr'><strong>proditores</strong></span> <span class='ocrx_word' id='word_1_48' title='bbox 1245 832 1297 873; x_wconf 89' lang='lat' dir='ltr'>et</span> <span class='ocrx_word' id='word_1_49' title='bbox 1333 822 1425 872; x_wconf 87' lang='lat' dir='ltr'><strong>ho·</strong></span> <span class='ocrx_word' id='word_1_50' title='bbox 1468 824 1745 889; x_wconf 70' lang='lat' dir='ltr'>peccatum.</span> <span class='ocrx_word' id='word_1_51' title='bbox 1769 826 1835 873; x_wconf 90' lang='lat' dir='ltr'><strong>Et</strong></span> <span class='ocrx_word' id='word_1_52' title='bbox 1855 840 1971 874; x_wconf 90' lang='lat' dir='ltr'><strong>cum</strong></span> <span class='ocrx_word' id='word_1_53' title='bbox 1993 824 2089 873; x_wconf 90' lang='lat' dir='ltr'><strong>hoc</strong></span> <span class='ocrx_word' id='word_1_54' title='bbox 2112 824 2343 884; x_wconf 81' lang='lat' dir='ltr'>dixisset,-</span> 
     </span>
     <span class='ocr_line' id='line_1_7' title="bbox 543 888 2341 956; baseline 0.001 -18"><span class='ocrx_word' id='word_1_55' title='bbox 543 889 743 940; x_wconf 81' lang='lat' dir='ltr'>micidae</span> <span class='ocrx_word' id='word_1_56' title='bbox 774 890 939 939; x_wconf 82' lang='lat' dir='ltr'><strong>fuistis</strong></span> <span class='ocrx_word' id='word_1_57' title='bbox 989 908 1001 938; x_wconf 90' lang='lat'><strong>:</strong></span> <span class='ocrx_word' id='word_1_58' title='bbox 1040 891 1126 956; x_wconf 90' lang='lat' dir='ltr'><strong>qui</strong></span> <span class='ocrx_word' id='word_1_59' title='bbox 1167 889 1425 955; x_wconf 74' lang='lat' dir='ltr'>accepistis</span> <span class='ocrx_word' id='word_1_60' title='bbox 1467 888 1771 939; x_wconf 89' lang='lat' dir='ltr'><strong>obdormivit</strong></span> <span class='ocrx_word' id='word_1_61' title='bbox 1803 891 1855 939; x_wconf 91' lang='lat' dir='ltr'><strong>in</strong></span> <span class='ocrx_word' id='word_1_62' title='bbox 1891 892 2124 939; x_wconf 78' lang='lat' dir='ltr'>Domino.</span> <span class='ocrx_word' id='word_1_63' title='bbox 2161 891 2341 941; x_wconf 82' lang='lat' dir='ltr'><strong>Saulus</strong></span> 
     </span>
     <span class='ocr_line' id='line_1_8' title="bbox 542 955 2340 1023; baseline 0.001 -18"><span class='ocrx_word' id='word_1_64' title='bbox 542 955 713 1023; x_wconf 82' lang='lat' dir='ltr'>legem</span> <span class='ocrx_word' id='word_1_65' title='bbox 745 957 800 1005; x_wconf 89' lang='lat' dir='ltr'><strong>in</strong></span> <span class='ocrx_word' id='word_1_66' title='bbox 844 956 1169 1022; x_wconf 80' lang='lat' dir='ltr'>dispositione</span> <span class='ocrx_word' id='word_1_67' title='bbox 1203 955 1425 1023; x_wconf 64' lang='lat' dir='ltr'>Angelb-</span> <span class='ocrx_word' id='word_1_68' title='bbox 1468 965 1636 1005; x_wconf 86' lang='lat' dir='ltr'><strong>autem</strong></span> <span class='ocrx_word' id='word_1_69' title='bbox 1694 966 1802 1005; x_wconf 88' lang='lat' dir='ltr'><strong>erat</strong></span> <span class='ocrx_word' id='word_1_70' title='bbox 1863 957 2181 1006; x_wconf 72' lang='lat' dir='ltr'>consentiens</span> <span class='ocrx_word' id='word_1_71' title='bbox 2229 958 2340 1007; x_wconf 87' lang='lat' dir='ltr'>neci</span> 
     </span>
     <span class='ocr_line' id='line_1_9' title="bbox 545 1020 2342 1086; baseline 0.001 -16"><span class='ocrx_word' id='word_1_72' title='bbox 545 1039 693 1083; x_wconf 84' lang='lat' dir='ltr'><strong>rum,</strong></span> <span class='ocrx_word' id='word_1_73' title='bbox 743 1032 795 1072; x_wconf 87' lang='lat' dir='ltr'>et</span> <span class='ocrx_word' id='word_1_74' title='bbox 840 1039 944 1071; x_wconf 89' lang='lat' dir='ltr'><strong>non</strong></span> <span class='ocrx_word' id='word_1_75' title='bbox 988 1020 1287 1072; x_wconf 86' lang='lat' dir='ltr'><strong>custodistis.</strong></span> <span class='ocrx_word' id='word_1_76' title='bbox 1323 1022 1424 1071; x_wconf 91' lang='lat' dir='ltr'><strong>Au·</strong></span> <span class='ocrx_word' id='word_1_77' title='bbox 1468 1022 1589 1086; x_wconf 85' lang='lat' dir='ltr'>ejus.</span> <span class='ocrx_word' id='word_1_78' title='bbox 1639 1024 1789 1071; x_wconf 83' lang='lat' dir='ltr'><strong>Facta</strong></span> <span class='ocrx_word' id='word_1_79' title='bbox 1829 1032 1907 1072; x_wconf 90' lang='lat' dir='ltr'>est</span> <span class='ocrx_word' id='word_1_80' title='bbox 1938 1033 2107 1072; x_wconf 85' lang='lat' dir='ltr'><strong>autem</strong></span> <span class='ocrx_word' id='word_1_81' title='bbox 2158 1024 2210 1072; x_wconf 91' lang='lat' dir='ltr'><strong>in</strong></span> <span class='ocrx_word' id='word_1_82' title='bbox 2256 1024 2342 1073; x_wconf 86' lang='lat' dir='ltr'><strong>illa</strong></span> 
     </span>
     <span class='ocr_line' id='line_1_10' title="bbox 546 1086 2342 1157; baseline 0.001 -20"><span class='ocrx_word' id='word_1_83' title='bbox 546 1088 746 1137; x_wconf 72' lang='lat' dir='ltr'>dientes</span> <span class='ocrx_word' id='word_1_84' title='bbox 802 1098 972 1138; x_wconf 87' lang='lat' dir='ltr'><strong>autem</strong></span> <span class='ocrx_word' id='word_1_85' title='bbox 1013 1088 1121 1138; x_wconf 80' lang='lat' dir='ltr'><strong>haec</strong></span> <span class='ocrx_word' id='word_1_86' title='bbox 1142 1126 1154 1150; x_wconf 87' lang='lat'>,</span> <span class='ocrx_word' id='word_1_87' title='bbox 1204 1088 1426 1138; x_wconf 86' lang='lat' dir='ltr'>disseca·</span> <span class='ocrx_word' id='word_1_88' title='bbox 1468 1088 1550 1137; x_wconf 89' lang='lat' dir='ltr'>die</span> <span class='ocrx_word' id='word_1_89' title='bbox 1575 1088 1854 1154; x_wconf 76' lang='lat' dir='ltr'>persecutio</span> <span class='ocrx_word' id='word_1_90' title='bbox 1884 1106 2070 1157; x_wconf 84' lang='lat' dir='ltr'><strong>magna</strong></span> <span class='ocrx_word' id='word_1_91' title='bbox 2098 1090 2149 1137; x_wconf 88' lang='lat' dir='ltr'><strong>in</strong></span> <span class='ocrx_word' id='word_1_92' title='bbox 2174 1086 2342 1139; x_wconf 88' lang='lat' dir='ltr'>Eccle&#39;·</span> 
     </span>
     <span class='ocr_line' id='line_1_11' title="bbox 548 1151 2343 1222; baseline 0 -17"><span class='ocrx_word' id='word_1_93' title='bbox 548 1151 741 1205; x_wconf 67' lang='lat' dir='ltr'><strong>bantur</strong></span> <span class='ocrx_word' id='word_1_94' title='bbox 772 1154 1007 1204; x_wconf 75' lang='lat' dir='ltr'><strong>cordibus</strong></span> <span class='ocrx_word' id='word_1_95' title='bbox 1044 1156 1145 1204; x_wconf 84' lang='lat' dir='ltr'><strong>suis</strong></span> <span class='ocrx_word' id='word_1_96' title='bbox 1166 1192 1178 1216; x_wconf 89' lang='lat'>‚</span> <span class='ocrx_word' id='word_1_97' title='bbox 1222 1164 1273 1204; x_wconf 92' lang='lat' dir='ltr'>et</span> <span class='ocrx_word' id='word_1_98' title='bbox 1305 1156 1426 1204; x_wconf 84' lang='lat' dir='ltr'><strong>stri—</strong></span> <span class='ocrx_word' id='word_1_99' title='bbox 1466 1154 1566 1214; x_wconf 85' lang='lat' dir='ltr'><strong>sia,</strong></span> <span class='ocrx_word' id='word_1_100' title='bbox 1608 1172 1717 1220; x_wconf 86' lang='lat' dir='ltr'><strong>quae</strong></span> <span class='ocrx_word' id='word_1_101' title='bbox 1758 1165 1866 1204; x_wconf 87' lang='lat' dir='ltr'><strong>erat</strong></span> <span class='ocrx_word' id='word_1_102' title='bbox 1886 1155 2206 1222; x_wconf 72' lang='lat' dir='ltr'><strong>Jerosolymis</strong></span> <span class='ocrx_word' id='word_1_103' title='bbox 2242 1175 2252 1205; x_wconf 92' lang='lat'>:</span> <span class='ocrx_word' id='word_1_104' title='bbox 2291 1165 2343 1206; x_wconf 90' lang='lat' dir='ltr'>et</span> 
     </span>
     <span class='ocr_line' id='line_1_12' title="bbox 550 1216 2344 1290; baseline 0 -20"><span class='ocrx_word' id='word_1_105' title='bbox 550 1221 744 1270; x_wconf 72' lang='lat' dir='ltr'><strong>debant</strong></span> <span class='ocrx_word' id='word_1_106' title='bbox 773 1216 1006 1270; x_wconf 73' lang='lat' dir='ltr'><strong>dentibus</strong></span> <span class='ocrx_word' id='word_1_107' title='bbox 1039 1221 1093 1270; x_wconf 88' lang='lat' dir='ltr'><strong>in</strong></span> <span class='ocrx_word' id='word_1_108' title='bbox 1132 1237 1266 1270; x_wconf 89' lang='lat' dir='ltr'><strong>eum.</strong></span> <span class='ocrx_word' id='word_1_109' title='bbox 1468 1237 1642 1269; x_wconf 88' lang='lat' dir='ltr'>omnes</span> <span class='ocrx_word' id='word_1_110' title='bbox 1667 1221 1874 1287; x_wconf 71' lang='lat' dir='ltr'><strong>dispersi</strong></span> <span class='ocrx_word' id='word_1_111' title='bbox 1912 1231 2031 1270; x_wconf 86' lang='lat' dir='ltr'><strong>sunt</strong></span> <span class='ocrx_word' id='word_1_112' title='bbox 2058 1238 2147 1287; x_wconf 88' lang='lat' dir='ltr'><strong>per</strong></span> <span class='ocrx_word' id='word_1_113' title='bbox 2174 1222 2344 1290; x_wconf 78' lang='lat' dir='ltr'><strong>regio-</strong></span> 
     </span>
     <span class='ocr_line' id='line_1_13' title="bbox 546 1287 2343 1354; baseline 0.001 -19"><span class='ocrx_word' id='word_1_114' title='bbox 546 1297 595 1336; x_wconf 57' lang='grc' dir='ltr'><strong>ιε.</strong></span> <span class='ocrx_word' id='word_1_115' title='bbox 656 1287 941 1353; x_wconf 73' lang='lat' dir='ltr'><strong>Stephanus</strong></span> <span class='ocrx_word' id='word_1_116' title='bbox 997 1297 1168 1337; x_wconf 86' lang='lat' dir='ltr'><strong>autem</strong></span> <span class='ocrx_word' id='word_1_117' title='bbox 1190 1325 1202 1348; x_wconf 94' lang='lat'>,</span> <span class='ocrx_word' id='word_1_118' title='bbox 1248 1287 1426 1353; x_wconf 86' lang='lat' dir='ltr'><strong>plenus</strong></span> <span class='ocrx_word' id='word_1_119' title='bbox 1469 1303 1558 1336; x_wconf 84' lang='lat' dir='ltr'>nes</span> <span class='ocrx_word' id='word_1_120' title='bbox 1585 1288 1769 1336; x_wconf 83' lang='lat' dir='ltr'><strong>Judaeae</strong></span> <span class='ocrx_word' id='word_1_121' title='bbox 1804 1297 1856 1337; x_wconf 88' lang='lat' dir='ltr'>et</span> <span class='ocrx_word' id='word_1_122' title='bbox 1877 1289 2134 1347; x_wconf 65' lang='lat' dir='ltr'><strong>Samariae,</strong></span> <span class='ocrx_word' id='word_1_123' title='bbox 2163 1298 2343 1354; x_wconf 71' lang='lat' dir='ltr'><strong>praeter</strong></span> 
     </span>
     <span class='ocr_line' id='line_1_14' title="bbox 549 1349 2341 1420; baseline 0 -18"><span class='ocrx_word' id='word_1_124' title='bbox 549 1354 717 1420; x_wconf 69' lang='lat' dir='ltr'><strong>gratia</strong></span> <span class='ocrx_word' id='word_1_125' title='bbox 760 1362 811 1402; x_wconf 91' lang='lat' dir='ltr'>et</span> <span class='ocrx_word' id='word_1_126' title='bbox 843 1352 1138 1403; x_wconf 78' lang='lat' dir='ltr'><strong>fortitudine</strong></span> <span class='ocrx_word' id='word_1_127' title='bbox 1159 1391 1170 1413; x_wconf 91' lang='lat'>,</span> <span class='ocrx_word' id='word_1_128' title='bbox 1213 1355 1240 1379; x_wconf 75' lang='lat'><strong>&#39;¹&#39;</strong></span> <span class='ocrx_word' id='word_1_129' title='bbox 1265 1349 1425 1402; x_wconf 75' lang='lat' dir='ltr'>facie·</span> <span class='ocrx_word' id='word_1_130' title='bbox 1469 1352 1747 1418; x_wconf 79' lang='lat' dir='ltr'>Apostolos.</span> <span class='ocrx_word' id='word_1_131' title='bbox 1809 1355 2123 1403; x_wconf 75' lang='lat' dir='ltr'><strong>Curaverunt</strong></span> <span class='ocrx_word' id='word_1_132' title='bbox 2171 1364 2341 1404; x_wconf 86' lang='lat' dir='ltr'><strong>autem</strong></span> 
     </span>
     <span class='ocr_line' id='line_1_15' title="bbox 550 1415 2342 1500; baseline 0.001 -32"><span class='ocrx_word' id='word_1_133' title='bbox 550 1420 642 1469; x_wconf 86' lang='lat' dir='ltr'><strong>bat</strong></span> <span class='ocrx_word' id='word_1_134' title='bbox 661 1419 890 1488; x_wconf 80' lang='lat' dir='ltr'><strong>prodigia</strong></span> <span class='ocrx_word' id='word_1_135' title='bbox 911 1427 962 1469; x_wconf 85' lang='lat' dir='ltr'>e&#39;t</span> <span class='ocrx_word' id='word_1_136' title='bbox 996 1420 1139 1500; x_wconf 67' lang='lat' dir='ltr'><strong>signa</strong></span> <span class='ocrx_word' id='word_1_137' title='bbox 1162 1436 1349 1486; x_wconf 77' lang='lat' dir='ltr'><strong>magna</strong></span> <span class='ocrx_word' id='word_1_138' title='bbox 1372 1420 1424 1468; x_wconf 88' lang='lat' dir='ltr'><strong>in</strong></span> <span class='ocrx_word' id='word_1_139' title='bbox 1470 1415 1778 1484; x_wconf 68' lang='lat' dir='ltr'><strong>Stephanum</strong></span> <span class='ocrx_word' id='word_1_140' title='bbox 1848 1421 1940 1469; x_wconf 87' lang='lat' dir='ltr'><strong>viri</strong></span> <span class='ocrx_word' id='word_1_141' title='bbox 1997 1421 2246 1482; x_wconf 72' lang='lat' dir='ltr'><strong>timorati,</strong></span> <span class='ocrx_word' id='word_1_142' title='bbox 2290 1429 2342 1470; x_wconf 88' lang='lat' dir='ltr'>et</span> 
     </span>
     <span class='ocr_line' id='line_1_16' title="bbox 547 1485 2342 1554; baseline 0.001 -20"><span class='ocrx_word' id='word_1_143' title='bbox 547 1485 753 1553; x_wconf 78' lang='lat' dir='ltr'>populo.</span> <span class='ocrx_word' id='word_1_144' title='bbox 777 1487 823 1537; x_wconf 50' lang='grc' dir='ltr'><strong>ἢ.</strong></span> <span class='ocrx_word' id='word_1_145' title='bbox 850 1487 1186 1536; x_wconf 86' lang='lat' dir='ltr'><strong>Surrexerunt</strong></span> <span class='ocrx_word' id='word_1_146' title='bbox 1219 1485 1422 1551; x_wconf 88' lang='lat' dir='ltr'><strong>quidam</strong></span> <span class='ocrx_word' id='word_1_147' title='bbox 1469 1485 1701 1534; x_wconf 69' lang='lat' dir='ltr'>fecerunt</span> <span class='ocrx_word' id='word_1_148' title='bbox 1772 1487 2029 1552; x_wconf 86' lang='lat' dir='ltr'><strong>planctum</strong></span> <span class='ocrx_word' id='word_1_149' title='bbox 2098 1502 2342 1554; x_wconf 82' lang='lat' dir='ltr'><strong>magnum</strong></span> 
     </span>
     <span class='ocr_line' id='line_1_17' title="bbox 548 1551 1782 1620; baseline 0 -20"><span class='ocrx_word' id='word_1_150' title='bbox 548 1552 614 1601; x_wconf 90' lang='lat' dir='ltr'>de</span> <span class='ocrx_word' id='word_1_151' title='bbox 658 1553 912 1620; x_wconf 77' lang='lat' dir='ltr'><strong>synagoga</strong></span> <span class='ocrx_word' id='word_1_152' title='bbox 954 1551 1265 1618; x_wconf 70' lang='lat' dir='ltr'><strong>disputantes</strong></span> <span class='ocrx_word' id='word_1_153' title='bbox 1309 1568 1426 1600; x_wconf 90' lang='lat' dir='ltr'><strong>cum</strong></span> <span class='ocrx_word' id='word_1_154' title='bbox 1466 1567 1618 1618; x_wconf 83' lang='lat' dir='ltr'><strong>super</strong></span> <span class='ocrx_word' id='word_1_155' title='bbox 1647 1569 1782 1600; x_wconf 87' lang='lat' dir='ltr'><strong>eum.</strong></span> 
     </span>
     <span class='ocr_line' id='line_1_18' title="bbox 548 1616 2341 1684; baseline 0.001 -17"><span class='ocrx_word' id='word_1_156' title='bbox 548 1616 834 1684; x_wconf 70' lang='lat' dir='ltr'><strong>Stephano,</strong></span> <span class='ocrx_word' id='word_1_157' title='bbox 872 1627 925 1667; x_wconf 89' lang='lat' dir='ltr'>et</span> <span class='ocrx_word' id='word_1_158' title='bbox 948 1635 1051 1667; x_wconf 90' lang='lat' dir='ltr'><strong>non</strong></span> <span class='ocrx_word' id='word_1_159' title='bbox 1078 1619 1316 1684; x_wconf 74' lang='lat' dir='ltr'><strong>poterant</strong></span> <span class='ocrx_word' id='word_1_160' title='bbox 1351 1634 1425 1666; x_wconf 85' lang='lat' dir='ltr'><strong>re-</strong></span> <span class='ocrx_word' id='word_1_161' title='bbox 1472 1627 1502 1665; x_wconf 48' lang='grc' dir='ltr'><strong>ιζ</strong></span> <span class='ocrx_word' id='word_1_162' title='bbox 1566 1619 1770 1667; x_wconf 74' lang='lat' dir='ltr'><strong>intuens</strong></span> <span class='ocrx_word' id='word_1_163' title='bbox 1821 1619 1874 1667; x_wconf 89' lang='lat' dir='ltr'><strong>in</strong></span> <span class='ocrx_word' id='word_1_164' title='bbox 1916 1619 2097 1668; x_wconf 86' lang='lat' dir='ltr'><strong>coelum</strong></span> <span class='ocrx_word' id='word_1_165' title='bbox 2166 1617 2341 1668; x_wconf 69' lang='lat' dir='ltr'><strong>beatus</strong></span> 
     </span>
     <span class='ocr_line' id='line_1_19' title="bbox 548 1682 2338 1752; baseline -0.001 -18"><span class='ocrx_word' id='word_1_166' title='bbox 548 1684 725 1734; x_wconf 77' lang='lat' dir='ltr'>sistere</span> <span class='ocrx_word' id='word_1_167' title='bbox 760 1683 1016 1750; x_wconf 68' lang='lat' dir='ltr'><strong>sapientiae</strong></span> <span class='ocrx_word' id='word_1_168' title='bbox 1038 1693 1091 1734; x_wconf 89' lang='lat' dir='ltr'>et</span> <span class='ocrx_word' id='word_1_169' title='bbox 1121 1684 1316 1750; x_wconf 86' lang='lat' dir='ltr'><strong>spiritui</strong></span> <span class='ocrx_word' id='word_1_170' title='bbox 1339 1685 1426 1750; x_wconf 89' lang='lat' dir='ltr'><strong>qui</strong></span> <span class='ocrx_word' id='word_1_171' title='bbox 1469 1682 1774 1749; x_wconf 74' lang='lat' dir='ltr'><strong>Stephanus,</strong></span> <span class='ocrx_word' id='word_1_172' title='bbox 1821 1685 1948 1734; x_wconf 83' lang='lat' dir='ltr'><strong>vidit</strong></span> <span class='ocrx_word' id='word_1_173' title='bbox 1973 1684 2184 1752; x_wconf 68' lang='lat' dir='ltr'><strong>gloriam</strong></span> <span class='ocrx_word' id='word_1_174' title='bbox 2218 1685 2338 1745; x_wconf 87' lang='lat' dir='ltr'>Dei,</span> 
     </span>
     <span class='ocr_line' id='line_1_20' title="bbox 548 1746 2342 1817; baseline 0 -17"><span class='ocrx_word' id='word_1_175' title='bbox 548 1746 867 1817; x_wconf 66' lang='lat' dir='ltr'><strong>loquebatur.</strong></span> <span class='ocrx_word' id='word_1_176' title='bbox 892 1750 1145 1800; x_wconf 73' lang='lat' dir='ltr'>Faciebat.</span> <span class='ocrx_word' id='word_1_177' title='bbox 1470 1759 1521 1800; x_wconf 87' lang='lat' dir='ltr'>et</span> <span class='ocrx_word' id='word_1_178' title='bbox 1552 1750 1622 1799; x_wconf 83' lang='lat' dir='ltr'><strong>ait</strong></span> <span class='ocrx_word' id='word_1_179' title='bbox 1673 1769 1684 1798; x_wconf 89' lang='lat'>:</span> <span class='ocrx_word' id='word_1_180' title='bbox 1726 1751 1753 1780; x_wconf 59' lang='lat'><strong>¹*</strong></span> <span class='ocrx_word' id='word_1_181' title='bbox 1799 1752 1929 1800; x_wconf 88' lang='lat' dir='ltr'>Ecce</span> <span class='ocrx_word' id='word_1_182' title='bbox 1988 1751 2131 1800; x_wconf 84' lang='lat' dir='ltr'>video</span> <span class='ocrx_word' id='word_1_183' title='bbox 2191 1750 2342 1800; x_wconf 84' lang='lat' dir='ltr'>coelos</span> 
     </span>
     <span class='ocr_line' id='line_1_21' title="bbox 858 1817 2343 1882; baseline 0 -16"><span class='ocrx_word' id='word_1_184' title='bbox 858 1819 1023 1868; x_wconf 82' lang='lat' dir='ltr'>Lectio</span> <span class='ocrx_word' id='word_1_185' title='bbox 1070 1819 1121 1881; x_wconf 82' lang='lat' dir='ltr'><strong>ij.</strong></span> <span class='ocrx_word' id='word_1_186' title='bbox 1389 1843 1394 1851; x_wconf 46' lang='grc' dir='ltr'><em>ι</em></span> <span class='ocrx_word' id='word_1_187' title='bbox 1470 1817 1668 1882; x_wconf 72' lang='lat' dir='ltr'><strong>apertos</strong></span> <span class='ocrx_word' id='word_1_188' title='bbox 1693 1855 1705 1876; x_wconf 91' lang='lat'>‚</span> <span class='ocrx_word' id='word_1_189' title='bbox 1767 1827 1818 1866; x_wconf 91' lang='lat' dir='ltr'>et</span> <span class='ocrx_word' id='word_1_190' title='bbox 1882 1817 2062 1866; x_wconf 86' lang='lat' dir='ltr'><strong>Filium</strong></span> <span class='ocrx_word' id='word_1_191' title='bbox 2127 1817 2343 1866; x_wconf 70' lang='lat' dir='ltr'><strong>hominis</strong></span> 
     </span>
     <span class='ocr_line' id='line_1_22' title="bbox 548 1882 2337 2006; baseline 0 -74"><span class='ocrx_word' id='word_1_192' title='bbox 548 1891 710 2006; x_wconf 66' lang='lat' dir='ltr'><strong>Cum</strong></span> <span class='ocrx_word' id='word_1_193' title='bbox 733 1892 902 1932; x_wconf 86' lang='lat' dir='ltr'><strong>autem</strong></span> <span class='ocrx_word' id='word_1_194' title='bbox 945 1892 1073 1933; x_wconf 85' lang='lat' dir='ltr'>esset</span> <span class='ocrx_word' id='word_1_195' title='bbox 1110 1882 1288 1949; x_wconf 85' lang='lat' dir='ltr'><strong>plenus</strong></span> <span class='ocrx_word' id='word_1_196' title='bbox 1321 1885 1426 1950; x_wconf 86' lang='lat' dir='ltr'><strong>Spi-</strong></span> <span class='ocrx_word' id='word_1_197' title='bbox 1469 1891 1685 1932; x_wconf 83' lang='lat' dir='ltr'><strong>stantem</strong></span> <span class='ocrx_word' id='word_1_198' title='bbox 1722 1899 1752 1932; x_wconf 85' lang='lat' dir='ltr'><strong>a</strong></span> <span class='ocrx_word' id='word_1_199' title='bbox 1784 1883 1973 1932; x_wconf 78' lang='lat' dir='ltr'><strong>dextris</strong></span> <span class='ocrx_word' id='word_1_200' title='bbox 1996 1884 2194 1932; x_wconf 73' lang='lat' dir='ltr'><strong>virtutis</strong></span> <span class='ocrx_word' id='word_1_201' title='bbox 2228 1884 2337 1932; x_wconf 88' lang='lat' dir='ltr'>Dei.</span> 
     </span>
     <span class='ocr_line' id='line_1_23' title="bbox 684 1945 2343 2016; baseline 0 -19"><span class='ocrx_word' id='word_1_202' title='bbox 684 1949 785 1998; x_wconf 89' lang='lat' dir='ltr'><strong>ritu</strong></span> <span class='ocrx_word' id='word_1_203' title='bbox 827 1959 1030 2009; x_wconf 86' lang='lat' dir='ltr'><strong>sancto,</strong></span> <span class='ocrx_word' id='word_1_204' title='bbox 1072 1945 1339 1999; x_wconf 72' lang='lat' dir='ltr'>intendens</span> <span class='ocrx_word' id='word_1_205' title='bbox 1373 1951 1426 2000; x_wconf 84' lang='lat' dir='ltr'><strong>in</strong></span> <span class='ocrx_word' id='word_1_206' title='bbox 1473 1950 1516 1999; x_wconf 63' lang='lat' dir='ltr'><strong>fe.</strong></span> <span class='ocrx_word' id='word_1_207' title='bbox 1547 1950 1673 1997; x_wconf 85' lang='lat' dir='ltr'><strong>Cum</strong></span> <span class='ocrx_word' id='word_1_208' title='bbox 1705 1958 1873 1998; x_wconf 80' lang='lat' dir='ltr'><strong>autem</strong></span> <span class='ocrx_word' id='word_1_209' title='bbox 1905 1959 2031 1998; x_wconf 86' lang='lat' dir='ltr'>esset</span> <span class='ocrx_word' id='word_1_210' title='bbox 2060 1949 2343 2016; x_wconf 80' lang='lat' dir='ltr'><strong>Stephanus</strong></span> 
     </span>
     <span class='ocr_line' id='line_1_24' title="bbox 547 2013 2343 2083; baseline 0.001 -20"><span class='ocrx_word' id='word_1_211' title='bbox 547 2013 756 2078; x_wconf 86' lang='lat' dir='ltr'><strong>coelum,</strong></span> <span class='ocrx_word' id='word_1_212' title='bbox 793 2015 922 2065; x_wconf 88' lang='lat' dir='ltr'><strong>vidit</strong></span> <span class='ocrx_word' id='word_1_213' title='bbox 965 2016 1180 2083; x_wconf 76' lang='lat' dir='ltr'><strong>gloriam</strong></span> <span class='ocrx_word' id='word_1_214' title='bbox 1206 2016 1325 2077; x_wconf 83' lang='lat' dir='ltr'>Dei,</span> <span class='ocrx_word' id='word_1_215' title='bbox 1376 2027 1426 2066; x_wconf 92' lang='lat' dir='ltr'>et</span> <span class='ocrx_word' id='word_1_216' title='bbox 1469 2016 1646 2082; x_wconf 83' lang='lat' dir='ltr'><strong>plenus</strong></span> <span class='ocrx_word' id='word_1_217' title='bbox 1690 2015 1874 2081; x_wconf 81' lang='lat' dir='ltr'>Spiritu</span> <span class='ocrx_word' id='word_1_218' title='bbox 1922 2024 2119 2076; x_wconf 84' lang='lat' dir='ltr'><strong>sancto,</strong></span> <span class='ocrx_word' id='word_1_219' title='bbox 2167 2016 2343 2064; x_wconf 83' lang='lat' dir='ltr'>inte&#39;n—</span> 
     </span>
     <span class='ocr_line' id='line_1_25' title="bbox 544 2080 2343 2149; baseline 0.002 -20"><span class='ocrx_word' id='word_1_220' title='bbox 544 2082 719 2131; x_wconf 85' lang='lat' dir='ltr'><strong>Jesum</strong></span> <span class='ocrx_word' id='word_1_221' title='bbox 765 2091 981 2131; x_wconf 86' lang='lat' dir='ltr'><strong>stantem</strong></span> <span class='ocrx_word' id='word_1_222' title='bbox 1017 2098 1047 2131; x_wconf 89' lang='lat' dir='ltr'><strong>a</strong></span> <span class='ocrx_word' id='word_1_223' title='bbox 1090 2081 1280 2132; x_wconf 81' lang='lat' dir='ltr'><strong>dextris</strong></span> <span class='ocrx_word' id='word_1_224' title='bbox 1311 2084 1420 2133; x_wconf 89' lang='lat' dir='ltr'>Dei.</span> <span class='ocrx_word' id='word_1_225' title='bbox 1468 2082 1592 2132; x_wconf 88' lang='lat' dir='ltr'>dens</span> <span class='ocrx_word' id='word_1_226' title='bbox 1623 2080 1677 2128; x_wconf 90' lang='lat' dir='ltr'><strong>in</strong></span> <span class='ocrx_word' id='word_1_227' title='bbox 1713 2082 1919 2143; x_wconf 69' lang='lat' dir='ltr'><strong>coelum,</strong></span> <span class='ocrx_word' id='word_1_228' title='bbox 1961 2082 2087 2131; x_wconf 74' lang='lat' dir='ltr'>vidit</span> <span class='ocrx_word' id='word_1_229' title='bbox 2128 2083 2343 2149; x_wconf 78' lang='lat' dir='ltr'><strong>gloriam</strong></span> 
     </span>
     <span class='ocr_line' id='line_1_26' title="bbox 546 2146 2334 2215; baseline 0.001 -19"><span class='ocrx_word' id='word_1_230' title='bbox 546 2148 611 2197; x_wconf 89' lang='lat' dir='ltr'><strong>Et</strong></span> <span class='ocrx_word' id='word_1_231' title='bbox 633 2148 707 2197; x_wconf 84' lang='lat' dir='ltr'><strong>ait</strong></span> <span class='ocrx_word' id='word_1_232' title='bbox 734 2166 746 2196; x_wconf 89' lang='lat'>:</span> <span class='ocrx_word' id='word_1_233' title='bbox 772 2148 901 2197; x_wconf 90' lang='lat' dir='ltr'>Ecce</span> <span class='ocrx_word' id='word_1_234' title='bbox 923 2148 1069 2197; x_wconf 84' lang='lat' dir='ltr'>video</span> <span class='ocrx_word' id='word_1_235' title='bbox 1109 2148 1259 2198; x_wconf 84' lang='lat' dir='ltr'>coelos</span> <span class='ocrx_word' id='word_1_236' title='bbox 1284 2150 1424 2215; x_wconf 74' lang='lat' dir='ltr'><strong>aper·</strong></span> <span class='ocrx_word' id='word_1_237' title='bbox 1467 2150 1588 2209; x_wconf 83' lang='lat' dir='ltr'>Dei,</span> <span class='ocrx_word' id='word_1_238' title='bbox 1617 2156 1668 2195; x_wconf 87' lang='lat' dir='ltr'>et</span> <span class='ocrx_word' id='word_1_239' title='bbox 1690 2149 1775 2197; x_wconf 88' lang='lat' dir='ltr'><strong>ait.</strong></span> <span class='ocrx_word' id='word_1_240' title='bbox 1805 2146 1951 2198; x_wconf 89' lang='lat' dir='ltr'>Ecce.</span> <span class='ocrx_word' id='word_1_241' title='bbox 1978 2147 2151 2203; x_wconf 75' lang='lat' dir='ltr'><strong>Gloria</strong></span> <span class='ocrx_word' id='word_1_242' title='bbox 2183 2149 2334 2198; x_wconf 85' lang='lat' dir='ltr'><strong>Patri.</strong></span> 
     </span>
     <span class='ocr_line' id='line_1_27' title="bbox 548 2213 1612 2276; baseline 0 -13"><span class='ocrx_word' id='word_1_243' title='bbox 548 2222 649 2276; x_wconf 83' lang='lat' dir='ltr'><strong>tos,</strong></span> <span class='ocrx_word' id='word_1_244' title='bbox 696 2222 749 2263; x_wconf 86' lang='lat' dir='ltr'>et</span> <span class='ocrx_word' id='word_1_245' title='bbox 798 2213 979 2263; x_wconf 83' lang='lat' dir='ltr'><strong>Filium</strong></span> <span class='ocrx_word' id='word_1_246' title='bbox 1025 2213 1244 2264; x_wconf 71' lang='lat' dir='ltr'><strong>hominis</strong></span> <span class='ocrx_word' id='word_1_247' title='bbox 1283 2224 1426 2264; x_wconf 84' lang='lat' dir='ltr'><strong>stan—</strong></span> <span class='ocrx_word' id='word_1_248' title='bbox 1467 2216 1612 2265; x_wconf 88' lang='lat' dir='ltr'>Ecce.</span> 
     </span>
     <span class='ocr_line' id='line_1_28' title="bbox 549 2278 2241 2331; baseline -0.002 -2"><span class='ocrx_word' id='word_1_249' title='bbox 549 2278 653 2329; x_wconf 76' lang='lat' dir='ltr'>tem&#39;</span> <span class='ocrx_word' id='word_1_250' title='bbox 691 2296 722 2328; x_wconf 88' lang='lat' dir='ltr'><strong>a</strong></span> <span class='ocrx_word' id='word_1_251' title='bbox 754 2280 945 2329; x_wconf 76' lang='lat' dir='ltr'><strong>dextris</strong></span> <span class='ocrx_word' id='word_1_252' title='bbox 975 2281 1083 2330; x_wconf 90' lang='lat' dir='ltr'>Dei.</span> <span class='ocrx_word' id='word_1_253' title='bbox 1119 2278 1426 2331; x_wconf 73' lang='lat' dir='ltr'><strong>Exclaman-</strong></span> <span class='ocrx_word' id='word_1_254' title='bbox 1602 2282 1654 2331; x_wconf 79' lang='lat' dir='ltr'><strong>ln</strong></span> <span class='ocrx_word' id='word_1_255' title='bbox 1683 2280 1904 2331; x_wconf 81' lang='lat' dir='ltr'>secundo</span> <span class='ocrx_word' id='word_1_256' title='bbox 1928 2279 2203 2329; x_wconf 85' lang='lat' dir='ltr'><strong>Nocturno.</strong></span> <span class='ocrx_word' id='word_1_257' title='bbox 2237 2310 2241 2313; x_wconf 20' lang='grc' dir='ltr'><strong>Α</strong></span> 
     </span>
    </p>
   </div>
   <div class='ocr_carea' id='block_1_3' title="bbox 546 2345 2339 2744">
    <p class='ocr_par' dir='ltr' id='par_1_3' title="bbox 549 2345 2233 2488">
     <span class='ocr_line' id='line_1_29' title="bbox 549 2345 2233 2415; baseline 0 -20"><span class='ocrx_word' id='word_1_258' title='bbox 549 2355 618 2395; x_wconf 87' lang='lat' dir='ltr'>tes</span> <span class='ocrx_word' id='word_1_259' title='bbox 642 2356 814 2395; x_wconf 87' lang='lat' dir='ltr'><strong>autem</strong></span> <span class='ocrx_word' id='word_1_260' title='bbox 855 2363 977 2396; x_wconf 82' lang='lat' dir='ltr'>voce</span> <span class='ocrx_word' id='word_1_261' title='bbox 1008 2364 1217 2414; x_wconf 78' lang='lat' dir='ltr'><strong>magna,</strong></span> <span class='ocrx_word' id='word_1_262' title='bbox 1263 2349 1423 2397; x_wconf 91' lang='lat' dir='ltr'><strong>conti·</strong></span> <span class='ocrx_word' id='word_1_263' title='bbox 1555 2348 1727 2397; x_wconf 88' lang='lat' dir='ltr'><strong>Sermo</strong></span> <span class='ocrx_word' id='word_1_264' title='bbox 1751 2348 1907 2396; x_wconf 86' lang='lat' dir='ltr'>sancti</span> <span class='ocrx_word' id='word_1_265' title='bbox 1931 2345 2196 2415; x_wconf 81' lang='lat' dir='ltr'>Augustini</span> <span class='ocrx_word' id='word_1_266' title='bbox 2221 2383 2233 2407; x_wconf 90' lang='lat'>‚</span> 
     </span>
     <span class='ocr_line' id='line_1_30' title="bbox 549 2413 2038 2488; baseline 0.001 -28"><span class='ocrx_word' id='word_1_267' title='bbox 549 2413 771 2462; x_wconf 74' lang='lat' dir='ltr'><strong>nuerunt</strong></span> <span class='ocrx_word' id='word_1_268' title='bbox 790 2429 937 2461; x_wconf 86' lang='lat' dir='ltr'><strong>aures</strong></span> <span class='ocrx_word' id='word_1_269' title='bbox 953 2429 1083 2474; x_wconf 78' lang='lat' dir='ltr'><strong>suaS‚</strong></span> <span class='ocrx_word' id='word_1_270' title='bbox 1105 2422 1157 2462; x_wconf 91' lang='lat' dir='ltr'>et</span> <span class='ocrx_word' id='word_1_271' title='bbox 1178 2414 1422 2480; x_wconf 88' lang='lat' dir='ltr'><strong>impetum</strong></span> <span class='ocrx_word' id='word_1_272' title='bbox 1789 2414 2038 2488; x_wconf 81' lang='lat' dir='ltr'><strong>Episcopi.</strong></span> 
     </span>
    </p>

    <p class='ocr_par' dir='ltr' id='par_1_4' title="bbox 547 2476 2037 2530">
     <span class='ocr_line' id='line_1_31' title="bbox 547 2476 2037 2530; baseline -0.001 -3"><span class='ocrx_word' id='word_1_273' title='bbox 547 2476 779 2528; x_wconf 72' lang='lat' dir='ltr'>fecerunt</span> <span class='ocrx_word' id='word_1_274' title='bbox 800 2479 1105 2528; x_wconf 85' lang='lat' dir='ltr'><strong>unanimiter</strong></span> <span class='ocrx_word' id='word_1_275' title='bbox 1124 2480 1180 2528; x_wconf 90' lang='lat' dir='ltr'><strong>in</strong></span> <span class='ocrx_word' id='word_1_276' title='bbox 1204 2496 1336 2528; x_wconf 89' lang='lat' dir='ltr'>eum.</span> <span class='ocrx_word' id='word_1_277' title='bbox 1359 2482 1426 2530; x_wconf 86' lang='lat' dir='ltr'><strong>Et</strong></span> <span class='ocrx_word' id='word_1_278' title='bbox 1774 2480 1941 2530; x_wconf 80' lang='lat' dir='ltr'>Lectio</span> <span class='ocrx_word' id='word_1_279' title='bbox 1972 2496 2037 2527; x_wconf 77' lang='lat' dir='ltr'><strong>iv.</strong></span> 
     </span>
    </p>

    <p class='ocr_par' dir='ltr' id='par_1_5' title="bbox 546 2540 2339 2744">
     <span class='ocr_line' id='line_1_32' title="bbox 548 2540 2268 2621; baseline -0.001 -28"><span class='ocrx_word' id='word_1_280' title='bbox 548 2540 801 2611; x_wconf 75' lang='lat' dir='ltr'>ejicientes</span> <span class='ocrx_word' id='word_1_281' title='bbox 837 2562 952 2594; x_wconf 90' lang='lat' dir='ltr'><strong>eum</strong></span> <span class='ocrx_word' id='word_1_282' title='bbox 993 2555 1134 2595; x_wconf 83' lang='lat' dir='ltr'><strong>extra</strong></span> <span class='ocrx_word' id='word_1_283' title='bbox 1168 2546 1421 2595; x_wconf 73' lang='lat' dir='ltr'>civitatem</span> <span class='ocrx_word' id='word_1_284' title='bbox 1531 2548 1689 2594; x_wconf 85' lang='lat' dir='ltr'>Serm.</span> <span class='ocrx_word' id='word_1_285' title='bbox 1728 2549 1776 2594; x_wconf 88' lang='lat'><strong>2.</strong></span> <span class='ocrx_word' id='word_1_286' title='bbox 1815 2546 1878 2593; x_wconf 86' lang='lat' dir='ltr'>de</span> <span class='ocrx_word' id='word_1_287' title='bbox 1912 2544 1963 2595; x_wconf 89' lang='lat' dir='ltr'><strong>S.</strong></span> <span class='ocrx_word' id='word_1_288' title='bbox 2000 2546 2268 2621; x_wconf 70' lang='lat' dir='ltr'><strong>Stephano.</strong></span> 
     </span>
     <span class='ocr_line' id='line_1_33' title="bbox 547 2607 2338 2677; baseline 0.001 -18"><span class='ocrx_word' id='word_1_289' title='bbox 547 2609 845 2677; x_wconf 72' lang='lat' dir='ltr'><strong>lapidabant</strong></span> <span class='ocrx_word' id='word_1_290' title='bbox 877 2630 888 2659; x_wconf 77' lang='lat' dir='ltr'><strong><em>z</em></strong></span> <span class='ocrx_word' id='word_1_291' title='bbox 926 2621 977 2661; x_wconf 88' lang='lat' dir='ltr'>et</span> <span class='ocrx_word' id='word_1_292' title='bbox 999 2621 1148 2662; x_wconf 83' lang='lat' dir='ltr'>testes</span> <span class='ocrx_word' id='word_1_293' title='bbox 1183 2611 1422 2677; x_wconf 76' lang='lat' dir='ltr'>deposue-</span> <span class='ocrx_word' id='word_1_294' title='bbox 1555 2628 1640 2660; x_wconf 71' lang='lat' dir='ltr'><strong>os‘r</strong></span> <span class='ocrx_word' id='word_1_295' title='bbox 1658 2607 1945 2661; x_wconf 86' lang='lat' dir='ltr'>heste&#39;rnum</span> <span class='ocrx_word' id='word_1_296' title='bbox 1964 2612 2338 2661; x_wconf 77' lang='lat' dir='ltr'><strong>festivissimum</strong></span> 
     </span>
     <span class='ocr_line' id='line_1_34' title="bbox 546 2676 2339 2744; baseline 0.001 -19"><span class='ocrx_word' id='word_1_297' title='bbox 546 2686 665 2727; x_wconf 88' lang='lat' dir='ltr'><strong>runt</strong></span> <span class='ocrx_word' id='word_1_298' title='bbox 698 2676 997 2727; x_wconf 73' lang='lat' dir='ltr'>vestimenta</span> <span class='ocrx_word' id='word_1_299' title='bbox 1035 2694 1126 2727; x_wconf 84' lang='lat' dir='ltr'><strong>sua</strong></span> <span class='ocrx_word' id='word_1_300' title='bbox 1166 2694 1309 2727; x_wconf 88' lang='lat' dir='ltr'>secus</span> <span class='ocrx_word' id='word_1_301' title='bbox 1342 2696 1422 2744; x_wconf 86' lang='lat' dir='ltr'><strong>pe·</strong></span> <span class='ocrx_word' id='word_1_302' title='bbox 1588 2678 1749 2737; x_wconf 83' lang='lat' dir='ltr'>diem,</span> <span class='ocrx_word' id='word_1_303' title='bbox 1777 2695 1874 2742; x_wconf 89' lang='lat' dir='ltr'><strong>quo</strong></span> <span class='ocrx_word' id='word_1_304' title='bbox 1898 2678 2165 2727; x_wconf 67' lang='lat' dir='ltr'><strong>salvatoris</strong></span> <span class='ocrx_word' id='word_1_305' title='bbox 2184 2680 2339 2727; x_wconf 82' lang='lat' dir='ltr'>nostri</span> 
     </span>
    </p>
   </div>
   <div class='ocr_carea' id='block_1_4' title="bbox 535 2742 2342 3589">
    <p class='ocr_par' dir='ltr' id='par_1_6' title="bbox 535 2742 2342 3589">
     <span class='ocr_line' id='line_1_35' title="bbox 545 2742 2333 2803; baseline 0.002 -12"><span class='ocrx_word' id='word_1_306' title='bbox 545 2742 632 2793; x_wconf 81' lang='lat' dir='ltr'>des</span> <span class='ocrx_word' id='word_1_307' title='bbox 674 2743 1036 2803; x_wconf 72' lang='lat' dir='ltr'>adolescentis,</span> <span class='ocrx_word' id='word_1_308' title='bbox 1121 2744 1171 2792; x_wconf 89' lang='lat' dir='ltr'><strong>ui</strong></span> <span class='ocrx_word' id='word_1_309' title='bbox 1203 2742 1424 2793; x_wconf 73' lang='lat' dir='ltr'><strong>vocaba—</strong></span> <span class='ocrx_word' id='word_1_310' title='bbox 1467 2743 1646 2793; x_wconf 81' lang='lat' dir='ltr'>Christi</span> <span class='ocrx_word' id='word_1_311' title='bbox 1688 2743 1832 2792; x_wconf 88' lang='lat' dir='ltr'>nobis</span> <span class='ocrx_word' id='word_1_312' title='bbox 1869 2743 2102 2793; x_wconf 70' lang='lat' dir='ltr'>nativitas</span> <span class='ocrx_word' id='word_1_313' title='bbox 2140 2744 2333 2803; x_wconf 80' lang='lat' dir='ltr'><strong>illuxit,</strong></span> 
     </span>
     <span class='ocr_line' id='line_1_36' title="bbox 547 2806 2338 2875; baseline 0 -16"><span class='ocrx_word' id='word_1_314' title='bbox 547 2819 629 2859; x_wconf 87' lang='lat' dir='ltr'><strong>tur</strong></span> <span class='ocrx_word' id='word_1_315' title='bbox 653 2809 850 2858; x_wconf 84' lang='lat' dir='ltr'><strong>Saulus.</strong></span> <span class='ocrx_word' id='word_1_316' title='bbox 888 2811 953 2859; x_wconf 90' lang='lat' dir='ltr'><strong>Et</strong></span> <span class='ocrx_word' id='word_1_317' title='bbox 990 2810 1089 2875; x_wconf 88' lang='lat' dir='ltr'><strong>lapi</strong></span> <span class='ocrx_word' id='word_1_318' title='bbox 1128 2809 1284 2859; x_wconf 71' lang='lat' dir='ltr'><strong>abant</strong></span> <span class='ocrx_word' id='word_1_319' title='bbox 1310 2806 1425 2860; x_wconf 67' lang='lat' dir='ltr'>Ste—</span> <span class='ocrx_word' id='word_1_320' title='bbox 1466 2806 1618 2858; x_wconf 85' lang='lat' dir='ltr'>e&#39;tiam</span> <span class='ocrx_word' id='word_1_321' title='bbox 1637 2809 1907 2859; x_wconf 74' lang='lat' dir='ltr'><strong>hodiernus</strong></span> <span class='ocrx_word' id='word_1_322' title='bbox 1924 2810 2029 2859; x_wconf 86' lang='lat' dir='ltr'>dies</span> <span class='ocrx_word' id='word_1_323' title='bbox 2049 2810 2183 2859; x_wconf 71' lang='lat' dir='ltr'>beati</span> <span class='ocrx_word' id='word_1_324' title='bbox 2207 2811 2338 2859; x_wconf 73' lang='lat' dir='ltr'><strong>mar-</strong></span> 
     </span>
     <span class='ocr_line' id='line_1_37' title="bbox 545 2876 2338 2942; baseline 0 -17"><span class='ocrx_word' id='word_1_325' title='bbox 545 2876 776 2941; x_wconf 86' lang='lat' dir='ltr'><strong>phanum</strong></span> <span class='ocrx_word' id='word_1_326' title='bbox 802 2876 1146 2936; x_wconf 69' lang='lat' dir='ltr'>invocantem,</span> <span class='ocrx_word' id='word_1_327' title='bbox 1172 2886 1224 2925; x_wconf 88' lang='lat' dir='ltr'>et</span> <span class='ocrx_word' id='word_1_328' title='bbox 1256 2876 1422 2925; x_wconf 70' lang='lat' dir='ltr'>dicen·</span> <span class='ocrx_word' id='word_1_329' title='bbox 1468 2876 1588 2941; x_wconf 77' lang='lat' dir='ltr'><strong>tyris</strong></span> <span class='ocrx_word' id='word_1_330' title='bbox 1619 2876 1856 2942; x_wconf 71' lang='lat' dir='ltr'><strong>Stephani</strong></span> <span class='ocrx_word' id='word_1_331' title='bbox 1892 2876 2078 2925; x_wconf 74' lang='lat' dir='ltr'><strong>corona</strong></span> <span class='ocrx_word' id='word_1_332' title='bbox 2114 2876 2338 2925; x_wconf 70' lang='lat' dir='ltr'><strong>illustra-</strong></span> 
     </span>
     <span class='ocr_line' id='line_1_38' title="bbox 547 2942 2339 3010; baseline 0 -18"><span class='ocrx_word' id='word_1_333' title='bbox 547 2952 652 2992; x_wconf 86' lang='lat' dir='ltr'>tem</span> <span class='ocrx_word' id='word_1_334' title='bbox 684 2960 695 2990; x_wconf 72' lang='grc' dir='ltr'><strong><em>ε</em></strong></span> <span class='ocrx_word' id='word_1_335' title='bbox 722 2942 938 2992; x_wconf 76' lang='lat' dir='ltr'>Domine</span> <span class='ocrx_word' id='word_1_336' title='bbox 958 2943 1095 3004; x_wconf 83' lang='lat' dir='ltr'><strong>Jesu,</strong></span> <span class='ocrx_word' id='word_1_337' title='bbox 1116 2942 1309 3008; x_wconf 77' lang='lat' dir='ltr'><strong>suscipe</strong></span> <span class='ocrx_word' id='word_1_338' title='bbox 1332 2943 1426 3010; x_wconf 88' lang='lat' dir='ltr'><strong>spi·</strong></span> <span class='ocrx_word' id='word_1_339' title='bbox 1469 2951 1565 2990; x_wconf 89' lang='lat' dir='ltr'><strong>tur.</strong></span> <span class='ocrx_word' id='word_1_340' title='bbox 1589 2944 1817 3008; x_wconf 67' lang='lat' dir='ltr'><strong>Martyris</strong></span> <span class='ocrx_word' id='word_1_341' title='bbox 1841 2942 1971 2992; x_wconf 90' lang='lat' dir='ltr'><strong>illius</strong></span> <span class='ocrx_word' id='word_1_342' title='bbox 1997 2943 2177 2992; x_wconf 72' lang='lat' dir='ltr'><strong>merita</strong></span> <span class='ocrx_word' id='word_1_343' title='bbox 2200 2943 2339 2992; x_wconf 82' lang='lat' dir='ltr'><strong>nulla</strong></span> 
     </span>
     <span class='ocr_line' id='line_1_39' title="bbox 543 3008 2337 3076; baseline -0.001 -18"><span class='ocrx_word' id='word_1_344' title='bbox 543 3010 704 3058; x_wconf 81' lang='lat' dir='ltr'><strong>ritum</strong></span> <span class='ocrx_word' id='word_1_345' title='bbox 727 3025 918 3058; x_wconf 89' lang='lat' dir='ltr'><strong>meum.</strong></span> <span class='ocrx_word' id='word_1_346' title='bbox 1467 3025 1582 3074; x_wconf 84' lang='lat' dir='ltr'><strong>pars</strong></span> <span class='ocrx_word' id='word_1_347' title='bbox 1599 3008 1734 3058; x_wconf 84' lang='lat' dir='ltr'><strong>orbis</strong></span> <span class='ocrx_word' id='word_1_348' title='bbox 1758 3009 1985 3076; x_wconf 79' lang='lat' dir='ltr'><strong>ignorat:</strong></span> <span class='ocrx_word' id='word_1_349' title='bbox 2009 3026 2179 3075; x_wconf 85' lang='lat' dir='ltr'><strong>passus</strong></span> <span class='ocrx_word' id='word_1_350' title='bbox 2200 3010 2337 3058; x_wconf 83' lang='lat' dir='ltr'>enim</span> 
     </span>
     <span class='ocr_line' id='line_1_40' title="bbox 547 3071 2333 3141; baseline 0 -17"><span class='ocrx_word' id='word_1_351' title='bbox 547 3083 597 3124; x_wconf 69' lang='grc' dir='ltr'><strong>κῑ.</strong></span> <span class='ocrx_word' id='word_1_352' title='bbox 618 3073 876 3124; x_wconf 74' lang='lat' dir='ltr'><strong>videbant</strong></span> <span class='ocrx_word' id='word_1_353' title='bbox 890 3091 1065 3124; x_wconf 84' lang='lat' dir='ltr'>omnes</span> <span class='ocrx_word' id='word_1_354' title='bbox 1087 3074 1420 3141; x_wconf 75' lang='lat' dir='ltr'><strong>Stephanum,</strong></span> <span class='ocrx_word' id='word_1_355' title='bbox 1467 3084 1542 3123; x_wconf 88' lang='lat' dir='ltr'>est</span> <span class='ocrx_word' id='word_1_356' title='bbox 1564 3075 1614 3124; x_wconf 89' lang='lat' dir='ltr'><strong>in</strong></span> <span class='ocrx_word' id='word_1_357' title='bbox 1649 3077 1756 3141; x_wconf 85' lang='lat' dir='ltr'><strong>ipso</strong></span> <span class='ocrx_word' id='word_1_358' title='bbox 1784 3075 2025 3140; x_wconf 87' lang='lat' dir='ltr'>principio</span> <span class='ocrx_word' id='word_1_359' title='bbox 2069 3071 2299 3124; x_wconf 72' lang='lat' dir='ltr'>Ecclesiae</span> <span class='ocrx_word' id='word_1_360' title='bbox 2322 3114 2333 3133; x_wconf 89' lang='lat'>‚</span> 
     </span>
     <span class='ocr_line' id='line_1_41' title="bbox 542 3140 2341 3207; baseline -0.001 -17"><span class='ocrx_word' id='word_1_361' title='bbox 542 3141 635 3206; x_wconf 86' lang='lat' dir='ltr'><strong>qui</strong></span> <span class='ocrx_word' id='word_1_362' title='bbox 670 3141 891 3190; x_wconf 87' lang='lat' dir='ltr'><strong>erantin</strong></span> <span class='ocrx_word' id='word_1_363' title='bbox 913 3141 1127 3190; x_wconf 89' lang='lat' dir='ltr'><strong>concilio</strong></span> <span class='ocrx_word' id='word_1_364' title='bbox 1154 3143 1216 3189; x_wconf 75' lang='lat' dir='ltr'><strong>z*</strong></span> <span class='ocrx_word' id='word_1_365' title='bbox 1253 3142 1320 3190; x_wconf 90' lang='lat' dir='ltr'><strong>Et</strong></span> <span class='ocrx_word' id='word_1_366' title='bbox 1351 3142 1424 3190; x_wconf 88' lang='lat' dir='ltr'><strong>in·</strong></span> <span class='ocrx_word' id='word_1_367' title='bbox 1468 3140 1518 3189; x_wconf 92' lang='lat' dir='ltr'><strong>id</strong></span> <span class='ocrx_word' id='word_1_368' title='bbox 1543 3151 1644 3198; x_wconf 86' lang='lat' dir='ltr'>est,</span> <span class='ocrx_word' id='word_1_369' title='bbox 1686 3142 1739 3190; x_wconf 88' lang='lat' dir='ltr'><strong>in</strong></span> <span class='ocrx_word' id='word_1_370' title='bbox 1776 3141 1882 3207; x_wconf 84' lang='lat' dir='ltr'><strong>ipsa</strong></span> <span class='ocrx_word' id='word_1_371' title='bbox 1920 3142 2041 3190; x_wconf 88' lang='lat' dir='ltr'><strong>urbe</strong></span> <span class='ocrx_word' id='word_1_372' title='bbox 2082 3141 2341 3207; x_wconf 69' lang='lat' dir='ltr'><strong>Jerosoly-</strong></span> 
     </span>
     <span class='ocr_line' id='line_1_42' title="bbox 542 3206 2341 3273; baseline 0 -17"><span class='ocrx_word' id='word_1_373' title='bbox 542 3206 1149 3273; x_wconf 65' lang='lat' dir='ltr'><strong>tuebanturvultumejus</strong></span> <span class='ocrx_word' id='word_1_374' title='bbox 1164 3216 1423 3273; x_wconf 81' lang='lat' dir='ltr'><strong>tamquam</strong></span> <span class='ocrx_word' id='word_1_375' title='bbox 1468 3223 1569 3256; x_wconf 87' lang='lat' dir='ltr'><strong>ma.</strong></span> <span class='ocrx_word' id='word_1_376' title='bbox 1611 3207 1684 3256; x_wconf 91' lang='lat' dir='ltr'><strong>Ibi</strong></span> <span class='ocrx_word' id='word_1_377' title='bbox 1721 3209 1857 3257; x_wconf 92' lang='lat' dir='ltr'>enim</span> <span class='ocrx_word' id='word_1_378' title='bbox 1896 3208 2145 3256; x_wconf 71' lang='lat' dir='ltr'><strong>Diaconus</strong></span> <span class='ocrx_word' id='word_1_379' title='bbox 2184 3207 2341 3256; x_wconf 88' lang='lat' dir='ltr'><strong>mini-</strong></span> 
     </span>
     <span class='ocr_line' id='line_1_43' title="bbox 538 3270 2339 3340; baseline -0.001 -17"><span class='ocrx_word' id='word_1_380' title='bbox 538 3273 743 3323; x_wconf 81' lang='lat' dir='ltr'><strong>vultum</strong></span> <span class='ocrx_word' id='word_1_381' title='bbox 759 3271 937 3340; x_wconf 78' lang='lat' dir='ltr'>Angeli</span> <span class='ocrx_word' id='word_1_382' title='bbox 953 3273 1129 3322; x_wconf 81' lang='lat' dir='ltr'><strong>stantis</strong></span> <span class='ocrx_word' id='word_1_383' title='bbox 1144 3274 1278 3322; x_wconf 87' lang='lat' dir='ltr'><strong>inter</strong></span> <span class='ocrx_word' id='word_1_384' title='bbox 1295 3273 1421 3323; x_wconf 85' lang='lat' dir='ltr'><strong>illos.</strong></span> <span class='ocrx_word' id='word_1_385' title='bbox 1468 3270 1642 3322; x_wconf 74' lang='lat' dir='ltr'><strong>stravit</strong></span> <span class='ocrx_word' id='word_1_386' title='bbox 1683 3291 1694 3319; x_wconf 75' lang='grc' dir='ltr'><strong><em>ε</em></strong></span> <span class='ocrx_word' id='word_1_387' title='bbox 1739 3283 1791 3323; x_wconf 85' lang='lat' dir='ltr'>et</span> <span class='ocrx_word' id='word_1_388' title='bbox 1823 3274 1876 3322; x_wconf 88' lang='lat' dir='ltr'><strong>in</strong></span> <span class='ocrx_word' id='word_1_389' title='bbox 1918 3274 2025 3339; x_wconf 86' lang='lat' dir='ltr'><strong>ipso</strong></span> <span class='ocrx_word' id='word_1_390' title='bbox 2063 3273 2339 3339; x_wconf 74' lang='lat' dir='ltr'><strong>juventutis</strong></span> 
     </span>
     <span class='ocr_line' id='line_1_44' title="bbox 538 3337 2341 3406; baseline -0.001 -17"><span class='ocrx_word' id='word_1_391' title='bbox 538 3343 593 3394; x_wconf 58' lang='lat' dir='ltr'><strong>fr.</strong></span> <span class='ocrx_word' id='word_1_392' title='bbox 631 3339 821 3389; x_wconf 82' lang='lat' dir='ltr'>Plenus</span> <span class='ocrx_word' id='word_1_393' title='bbox 843 3339 1005 3406; x_wconf 77' lang='lat' dir='ltr'><strong>gratia</strong></span> <span class='ocrx_word' id='word_1_394' title='bbox 1031 3348 1083 3388; x_wconf 89' lang='lat' dir='ltr'>et</span> <span class='ocrx_word' id='word_1_395' title='bbox 1102 3339 1420 3401; x_wconf 74' lang='lat' dir='ltr'><strong>fortitudine,</strong></span> <span class='ocrx_word' id='word_1_396' title='bbox 1469 3338 1592 3388; x_wconf 75' lang='lat' dir='ltr'><strong>flore</strong></span> <span class='ocrx_word' id='word_1_397' title='bbox 1620 3339 1854 3388; x_wconf 80' lang='lat' dir='ltr'>decorem</span> <span class='ocrx_word' id='word_1_398' title='bbox 1894 3337 2051 3390; x_wconf 72' lang='lat' dir='ltr'><strong>aetatis</strong></span> <span class='ocrx_word' id='word_1_399' title='bbox 2083 3355 2181 3389; x_wconf 83' lang='lat' dir='ltr'><strong>suae</strong></span> <span class='ocrx_word' id='word_1_400' title='bbox 2219 3339 2341 3388; x_wconf 76' lang='lat' dir='ltr'><strong>san-</strong></span> 
     </span>
     <span class='ocr_line' id='line_1_45' title="bbox 535 3401 2340 3473; baseline 0 -18"><span class='ocrx_word' id='word_1_401' title='bbox 535 3401 771 3455; x_wconf 81' lang='lat' dir='ltr'><strong>facie&#39;bat</strong></span> <span class='ocrx_word' id='word_1_402' title='bbox 801 3403 1031 3473; x_wconf 82' lang='lat' dir='ltr'><strong>prodigia</strong></span> <span class='ocrx_word' id='word_1_403' title='bbox 1063 3414 1115 3455; x_wconf 85' lang='lat' dir='ltr'>et</span> <span class='ocrx_word' id='word_1_404' title='bbox 1142 3406 1287 3472; x_wconf 76' lang='lat' dir='ltr'><strong>signa</strong></span> <span class='ocrx_word' id='word_1_405' title='bbox 1319 3423 1424 3455; x_wconf 87' lang='lat' dir='ltr'><strong>ma·</strong></span> <span class='ocrx_word' id='word_1_406' title='bbox 1468 3406 1619 3472; x_wconf 79' lang='lat' dir='ltr'>guine</span> <span class='ocrx_word' id='word_1_407' title='bbox 1665 3407 1976 3471; x_wconf 77' lang='lat' dir='ltr'><strong>purpuravit.</strong></span> <span class='ocrx_word' id='word_1_408' title='bbox 2028 3402 2195 3455; x_wconf 65' lang='lat' dir='ltr'><strong>Passio</strong></span> <span class='ocrx_word' id='word_1_409' title='bbox 2234 3406 2340 3472; x_wconf 88' lang='lat' dir='ltr'>ejus</span> 
     </span>
     <span class='ocr_line' id='line_1_46' title="bbox 538 3469 2342 3541; baseline 0 -19"><span class='ocrx_word' id='word_1_410' title='bbox 538 3489 649 3541; x_wconf 74' lang='lat' dir='ltr'><strong>gna</strong></span> <span class='ocrx_word' id='word_1_411' title='bbox 679 3471 735 3520; x_wconf 83' lang='lat' dir='ltr'><strong>in</strong></span> <span class='ocrx_word' id='word_1_412' title='bbox 768 3469 970 3539; x_wconf 70' lang='lat' dir='ltr'><strong>populo.</strong></span> <span class='ocrx_word' id='word_1_413' title='bbox 1007 3473 1074 3522; x_wconf 92' lang='lat' dir='ltr'><strong>Et</strong></span> <span class='ocrx_word' id='word_1_414' title='bbox 1100 3471 1428 3522; x_wconf 65' lang='lat' dir='ltr'><strong>intuebantur</strong></span> <span class='ocrx_word' id='word_1_415' title='bbox 1470 3471 1676 3539; x_wconf 81' lang='lat' dir='ltr'>insignis</span> <span class='ocrx_word' id='word_1_416' title='bbox 1711 3481 1811 3532; x_wconf 73' lang='lat' dir='ltr'>est,</span> <span class='ocrx_word' id='word_1_417' title='bbox 1844 3472 2159 3538; x_wconf 73' lang='lat' dir='ltr'><strong>multumque</strong></span> <span class='ocrx_word' id='word_1_418' title='bbox 2181 3473 2342 3522; x_wconf 68' lang='lat' dir='ltr'><strong>mira-</strong></span> 
     </span>
     <span class='ocr_line' id='line_1_47' title="bbox 540 3537 2341 3589; baseline -0.001 0"><span class='ocrx_word' id='word_1_419' title='bbox 540 3539 768 3589; x_wconf 78' lang='lat' dir='ltr'><strong>vultum.</strong></span> <span class='ocrx_word' id='word_1_420' title='bbox 1470 3537 1615 3587; x_wconf 85' lang='lat' dir='ltr'>bilis..</span> <span class='ocrx_word' id='word_1_421' title='bbox 1671 3539 1811 3588; x_wconf 87' lang='lat' dir='ltr'><strong>Hanc</strong></span> <span class='ocrx_word' id='word_1_422' title='bbox 1897 3538 2051 3588; x_wconf 88' lang='lat' dir='ltr'>modo</span> <span class='ocrx_word' id='word_1_423' title='bbox 2094 3539 2158 3588; x_wconf 88' lang='lat' dir='ltr'>de</span> <span class='ocrx_word' id='word_1_424' title='bbox 2212 3537 2341 3587; x_wconf 87' lang='lat' dir='ltr'><strong>libro</strong></span> 
     </span>
    </p>
   </div>
  </div>
 </body>
</html>
