<?xml version="1.0" encoding="UTF-8"?>
<!DOCTYPE html PUBLIC "-//W3C//DTD XHTML 1.0 Transitional//EN"
    "http://www.w3.org/TR/xhtml1/DTD/xhtml1-transitional.dtd">
<html xmlns="http://www.w3.org/1999/xhtml" xml:lang="en" lang="en">
 <head>
  <title>
</title>
<meta http-equiv="Content-Type" content="text/html;charset=utf-8" />
  <meta name='ocr-system' content='tesseract 3.04.00' />
  <meta name='ocr-capabilities' content='ocr_page ocr_carea ocr_par ocr_line ocrx_word'/>
</head>
<body>
  <div class='ocr_page' id='page_1' title='image "./breviariumroman01brevgoog_0544.png"; bbox 0 0 3062 4145; ppageno 0'>
   <div class='ocr_carea' id='block_1_1' title="bbox 1068 455 2016 522">
    <p class='ocr_par' dir='ltr' id='par_1_1' title="bbox 1068 455 2016 522">
     <span class='ocr_line' id='line_1_1' title="bbox 1068 455 2016 522; baseline -0.004 -17"><span class='ocrx_word' id='word_1_1' title='bbox 1068 460 1343 505; x_wconf 80' lang='lat' dir='ltr'>Commune</span> <span class='ocrx_word' id='word_1_2' title='bbox 1383 455 1752 522; x_wconf 73' lang='lat' dir='ltr'><strong>Apostolorum.</strong></span> <span class='ocrx_word' id='word_1_3' title='bbox 1780 456 1836 503; x_wconf 89' lang='grc'><strong>11.</strong></span> <span class='ocrx_word' id='word_1_4' title='bbox 1871 457 1910 504; x_wconf 77' lang='lat' dir='ltr'>V</span> <span class='ocrx_word' id='word_1_5' title='bbox 1914 472 2016 520; x_wconf 83' lang='lat' dir='ltr'><strong>esp.</strong></span> 
     </span>
    </p>
   </div>
   <div class='ocr_carea' id='block_1_2' title="bbox 2345 460 2430 525">
    <p class='ocr_par' dir='ltr' id='par_1_2' title="bbox 2345 460 2430 525">
     <span class='ocr_line' id='line_1_2' title="bbox 2345 460 2430 525; baseline 0.012 -17"><span class='ocrx_word' id='word_1_6' title='bbox 2345 460 2430 525; x_wconf 82' lang='lat' dir='ltr'><strong>xiij</strong></span> 
     </span>
    </p>
   </div>
   <div class='ocr_carea' id='block_1_3' title="bbox 633 546 2434 617">
    <p class='ocr_par' dir='ltr' id='par_1_3' title="bbox 633 546 2434 617">
     <span class='ocr_line' id='line_1_3' title="bbox 633 546 2434 617; baseline 0.003 -19"><span class='ocrx_word' id='word_1_7' title='bbox 633 558 753 599; x_wconf 83' lang='lat' dir='ltr'><strong>tuus</strong></span> <span class='ocrx_word' id='word_1_8' title='bbox 782 547 841 597; x_wconf 80' lang='lat'><strong>:-*</strong></span> <span class='ocrx_word' id='word_1_9' title='bbox 870 564 965 616; x_wconf 74' lang='lat' dir='ltr'><strong>ego</strong></span> <span class='ocrx_word' id='word_1_10' title='bbox 997 562 1166 597; x_wconf 83' lang='lat' dir='ltr'><strong>servus</strong></span> <span class='ocrx_word' id='word_1_11' title='bbox 1203 556 1345 609; x_wconf 76' lang='lat' dir='ltr'><strong>tuuS,</strong></span> <span class='ocrx_word' id='word_1_12' title='bbox 1368 555 1420 596; x_wconf 88' lang='lat' dir='ltr'><strong>et</strong></span> <span class='ocrx_word' id='word_1_13' title='bbox 1440 546 1512 595; x_wconf 83' lang='lat' dir='ltr'><strong>fi-</strong></span> <span class='ocrx_word' id='word_1_14' title='bbox 1568 546 1851 598; x_wconf 73' lang='lat' dir='ltr'>Intellexisti</span> <span class='ocrx_word' id='word_1_15' title='bbox 1918 549 2241 617; x_wconf 70' lang='lat' dir='ltr'><strong>cogitationes</strong></span> <span class='ocrx_word' id='word_1_16' title='bbox 2296 569 2434 603; x_wconf 80' lang='lat' dir='ltr'><strong>meas</strong></span> 
     </span>
    </p>
   </div>
   <div class='ocr_carea' id='block_1_4' title="bbox 633 614 1531 3460">
    <p class='ocr_par' dir='ltr' id='par_1_4' title="bbox 633 614 1531 3460">
     <span class='ocr_line' id='line_1_4' title="bbox 633 614 1087 665; baseline -0.004 -1"><span class='ocrx_word' id='word_1_17' title='bbox 633 614 733 665; x_wconf 82' lang='lat' dir='ltr'><strong>lius</strong></span> <span class='ocrx_word' id='word_1_18' title='bbox 756 614 950 664; x_wconf 78' lang='lat' dir='ltr'><strong>ancillae</strong></span> <span class='ocrx_word' id='word_1_19' title='bbox 974 622 1087 663; x_wconf 85' lang='lat' dir='ltr'><strong>tuae.</strong></span> 
     </span>
     <span class='ocr_line' id='line_1_5' title="bbox 634 678 1323 730; baseline -0.003 0"><span class='ocrx_word' id='word_1_20' title='bbox 634 682 765 730; x_wconf 83' lang='lat' dir='ltr'><strong>Diru</strong></span> <span class='ocrx_word' id='word_1_21' title='bbox 801 680 880 730; x_wconf 76' lang='lat' dir='ltr'><strong>isti</strong></span> <span class='ocrx_word' id='word_1_22' title='bbox 922 678 1121 729; x_wconf 82' lang='lat' dir='ltr'><strong>vincula</strong></span> <span class='ocrx_word' id='word_1_23' title='bbox 1161 695 1273 729; x_wconf 86' lang='lat' dir='ltr'><strong>mea</strong></span> <span class='ocrx_word' id='word_1_24' title='bbox 1312 698 1323 727; x_wconf 73' lang='grc' dir='ltr'><strong><em>ε</em></strong></span> 
     </span>
     <span class='ocr_line' id='line_1_6' title="bbox 633 742 1516 807; baseline -0.003 -10"><span class='ocrx_word' id='word_1_25' title='bbox 633 747 764 797; x_wconf 81' lang='lat' dir='ltr'><strong>sacri</strong></span> <span class='ocrx_word' id='word_1_26' title='bbox 806 742 931 796; x_wconf 62' lang='lat' dir='ltr'><strong>cibo</strong></span> <span class='ocrx_word' id='word_1_27' title='bbox 972 745 1185 795; x_wconf 72' lang='lat' dir='ltr'><strong>hostiam</strong></span> <span class='ocrx_word' id='word_1_28' title='bbox 1228 744 1390 795; x_wconf 85' lang='lat' dir='ltr'><strong>laudis</strong></span> <span class='ocrx_word' id='word_1_29' title='bbox 1408 783 1420 807; x_wconf 89' lang='lat'>,</span> <span class='ocrx_word' id='word_1_30' title='bbox 1464 754 1516 795; x_wconf 90' lang='lat' dir='ltr'><strong>et</strong></span> 
     </span>
     <span class='ocr_line' id='line_1_7' title="bbox 633 803 1342 863; baseline -0.004 0"><span class='ocrx_word' id='word_1_31' title='bbox 633 829 828 863; x_wconf 88' lang='lat' dir='ltr'><strong>nomen</strong></span> <span class='ocrx_word' id='word_1_32' title='bbox 849 811 1049 861; x_wconf 72' lang='lat' dir='ltr'><strong>Domini</strong></span> <span class='ocrx_word' id='word_1_33' title='bbox 1083 803 1342 861; x_wconf 66' lang='lat' dir='ltr'><strong>invoczibo.</strong></span> 
     </span>
     <span class='ocr_line' id='line_1_8' title="bbox 634 876 1515 929; baseline -0.005 0"><span class='ocrx_word' id='word_1_34' title='bbox 634 880 771 929; x_wconf 79' lang='lat' dir='ltr'><strong>Vota</strong></span> <span class='ocrx_word' id='word_1_35' title='bbox 822 894 936 928; x_wconf 79' lang='lat' dir='ltr'><strong>mea</strong></span> <span class='ocrx_word' id='word_1_36' title='bbox 956 876 1169 927; x_wconf 73' lang='lat' dir='ltr'><strong>Domino</strong></span> <span class='ocrx_word' id='word_1_37' title='bbox 1215 876 1425 927; x_wconf 82' lang='lat' dir='ltr'>reddam</span> <span class='ocrx_word' id='word_1_38' title='bbox 1463 878 1515 925; x_wconf 89' lang='lat' dir='ltr'><strong>in</strong></span> 
     </span>
     <span class='ocr_line' id='line_1_9' title="bbox 633 942 1515 1027; baseline -0.005 -32"><span class='ocrx_word' id='word_1_39' title='bbox 633 942 909 1027; x_wconf 65' lang='lat' dir='ltr'><strong>conspectu</strong></span> <span class='ocrx_word' id='word_1_40' title='bbox 942 945 1106 994; x_wconf 88' lang='lat' dir='ltr'><strong>omnis</strong></span> <span class='ocrx_word' id='word_1_41' title='bbox 1141 942 1309 1010; x_wconf 69' lang='lat' dir='ltr'><strong>populi</strong></span> <span class='ocrx_word' id='word_1_42' title='bbox 1333 944 1438 1008; x_wconf 79' lang='lat' dir='ltr'><strong>eius</strong></span> <span class='ocrx_word' id='word_1_43' title='bbox 1461 962 1471 991; x_wconf 92' lang='lat'>:</span> <span class='ocrx_word' id='word_1_44' title='bbox 1494 944 1515 964; x_wconf 86' lang='lat'>*</span> 
     </span>
     <span class='ocr_line' id='line_1_10' title="bbox 634 1009 1514 1071; baseline -0.005 -10"><span class='ocrx_word' id='word_1_45' title='bbox 634 1013 691 1062; x_wconf 88' lang='lat' dir='ltr'><strong>in</strong></span> <span class='ocrx_word' id='word_1_46' title='bbox 740 1010 881 1061; x_wconf 80' lang='lat' dir='ltr'><strong>atriis</strong></span> <span class='ocrx_word' id='word_1_47' title='bbox 930 1010 1110 1060; x_wconf 82' lang='lat' dir='ltr'><strong>(lomus</strong></span> <span class='ocrx_word' id='word_1_48' title='bbox 1164 1009 1362 1059; x_wconf 73' lang='lat' dir='ltr'><strong>Domini</strong></span> <span class='ocrx_word' id='word_1_49' title='bbox 1402 1048 1414 1071; x_wconf 89' lang='lat'><strong>,</strong></span> <span class='ocrx_word' id='word_1_50' title='bbox 1462 1009 1514 1058; x_wconf 89' lang='lat' dir='ltr'><strong>in</strong></span> 
     </span>
     <span class='ocr_line' id='line_1_11' title="bbox 633 1073 1221 1128; baseline -0.005 0"><span class='ocrx_word' id='word_1_51' title='bbox 633 1073 810 1128; x_wconf 67' lang='lat' dir='ltr'><strong>medio</strong></span> <span class='ocrx_word' id='word_1_52' title='bbox 835 1076 906 1125; x_wconf 87' lang='lat' dir='ltr'><strong>tui</strong></span> <span class='ocrx_word' id='word_1_53' title='bbox 926 1074 1221 1126; x_wconf 78' lang='lat' dir='ltr'><strong>Jerusalem.</strong></span> 
     </span>
     <span class='ocr_line' id='line_1_12' title="bbox 638 1140 1516 1209; baseline -0.005 -15"><span class='ocrx_word' id='word_1_54' title='bbox 638 1144 770 1194; x_wconf 69' lang='lat' dir='ltr'><strong>Asia.</strong></span> <span class='ocrx_word' id='word_1_55' title='bbox 820 1142 1082 1209; x_wconf 84' lang='lat' dir='ltr'><strong>Dirupisti,</strong></span> <span class='ocrx_word' id='word_1_56' title='bbox 1128 1142 1364 1202; x_wconf 77' lang='lat' dir='ltr'><strong>Domine,</strong></span> <span class='ocrx_word' id='word_1_57' title='bbox 1412 1140 1516 1190; x_wconf 83' lang='lat' dir='ltr'><strong>vin-</strong></span> 
     </span>
     <span class='ocr_line' id='line_1_13' title="bbox 633 1206 1518 1260; baseline -0.005 0"><span class='ocrx_word' id='word_1_58' title='bbox 633 1210 754 1260; x_wconf 80' lang='lat' dir='ltr'><strong>cula</strong></span> <span class='ocrx_word' id='word_1_59' title='bbox 794 1225 908 1258; x_wconf 87' lang='lat' dir='ltr'><strong>mea</strong></span> <span class='ocrx_word' id='word_1_60' title='bbox 941 1227 954 1258; x_wconf 88' lang='lat'>:</span> <span class='ocrx_word' id='word_1_61' title='bbox 990 1209 1085 1258; x_wconf 84' lang='lat' dir='ltr'><strong>tibi</strong></span> <span class='ocrx_word' id='word_1_62' title='bbox 1106 1206 1399 1258; x_wconf 65' lang='lat' dir='ltr'><strong>sacrificaibo</strong></span> <span class='ocrx_word' id='word_1_63' title='bbox 1421 1207 1518 1257; x_wconf 83' lang='grc' dir='ltr'><strong>1ιό-</strong></span> 
     </span>
     <span class='ocr_line' id='line_1_14' title="bbox 633 1275 995 1326; baseline -0.008 0"><span class='ocrx_word' id='word_1_64' title='bbox 633 1277 792 1326; x_wconf 81' lang='lat' dir='ltr'><strong>stiam</strong></span> <span class='ocrx_word' id='word_1_65' title='bbox 819 1275 995 1324; x_wconf 85' lang='lat' dir='ltr'><strong>laudis.</strong></span> 
     </span>
     <span class='ocr_line' id='line_1_15' title="bbox 633 1339 1517 1402; baseline -0.005 -9"><span class='ocrx_word' id='word_1_66' title='bbox 633 1343 766 1392; x_wconf 66' lang='lat' dir='ltr'>Asia.</span> <span class='ocrx_word' id='word_1_67' title='bbox 796 1342 983 1390; x_wconf 78' lang='lat' dir='ltr'><strong>Euntes</strong></span> <span class='ocrx_word' id='word_1_68' title='bbox 1016 1341 1160 1390; x_wconf 79' lang='lat' dir='ltr'><strong>ibant</strong></span> <span class='ocrx_word' id='word_1_69' title='bbox 1177 1350 1229 1390; x_wconf 87' lang='lat' dir='ltr'><strong>et</strong></span> <span class='ocrx_word' id='word_1_70' title='bbox 1247 1339 1461 1402; x_wconf 83' lang='lat' dir='ltr'><strong>flebant,</strong></span> <span class='ocrx_word' id='word_1_71' title='bbox 1496 1340 1517 1360; x_wconf 69' lang='lat'><strong>¹*</strong></span> 
     </span>
     <span class='ocr_line' id='line_1_16' title="bbox 633 1404 1237 1458; baseline -0.005 1"><span class='ocrx_word' id='word_1_72' title='bbox 633 1406 897 1458; x_wconf 67' lang='lat' dir='ltr'><strong>mittentes</strong></span> <span class='ocrx_word' id='word_1_73' title='bbox 917 1404 1110 1457; x_wconf 71' lang='lat' dir='ltr'><strong>semina</strong></span> <span class='ocrx_word' id='word_1_74' title='bbox 1132 1423 1237 1456; x_wconf 83' lang='lat' dir='ltr'><strong>sua.</strong></span> 
     </span>
     <span class='ocr_line' id='line_1_17' title="bbox 790 1467 1264 1524; baseline -0.006 0"><span class='ocrx_word' id='word_1_75' title='bbox 790 1467 804 1498; x_wconf 88' lang='lat'><em>&#39;</em></span> <span class='ocrx_word' id='word_1_76' title='bbox 902 1475 1123 1524; x_wconf 85' lang='lat' dir='ltr'><strong>Psalmus</strong></span> <span class='ocrx_word' id='word_1_77' title='bbox 1154 1477 1264 1522; x_wconf 67' lang='lat'><strong>425.</strong></span> 
     </span>
     <span class='ocr_line' id='line_1_18' title="bbox 691 1534 1519 1589; baseline -0.004 0"><span class='ocrx_word' id='word_1_78' title='bbox 691 1557 726 1589; x_wconf 77' lang='grc' dir='ltr'>ιι</span> <span class='ocrx_word' id='word_1_79' title='bbox 764 1534 1102 1589; x_wconf 66' lang='lat' dir='ltr'><strong>convertendo</strong></span> <span class='ocrx_word' id='word_1_80' title='bbox 1144 1539 1384 1588; x_wconf 71' lang='lat' dir='ltr'><strong>Dominus</strong></span> <span class='ocrx_word' id='word_1_81' title='bbox 1430 1554 1519 1586; x_wconf 86' lang='lat' dir='ltr'><strong>ca-</strong></span> 
     </span>
     <span class='ocr_line' id='line_1_19' title="bbox 634 1555 1520 1672; baseline -0.002 -17"><span class='ocrx_word' id='word_1_82' title='bbox 634 1555 690 1665; x_wconf 86' lang='grc' dir='ltr'>Ι</span> <span class='ocrx_word' id='word_1_83' title='bbox 712 1603 995 1672; x_wconf 71' lang='grc' dir='ltr'>Ρῑίνίῑέῑεῐῐι</span> <span class='ocrx_word' id='word_1_84' title='bbox 1022 1606 1141 1655; x_wconf 90' lang='lat' dir='ltr'>Sion</span> <span class='ocrx_word' id='word_1_85' title='bbox 1181 1624 1192 1653; x_wconf 72' lang='grc' dir='ltr'><em>ε</em></span> <span class='ocrx_word' id='word_1_86' title='bbox 1231 1605 1389 1654; x_wconf 81' lang='lat' dir='ltr'><strong>*facti</strong></span> <span class='ocrx_word' id='word_1_87' title='bbox 1431 1620 1520 1653; x_wconf 87' lang='lat' dir='ltr'><strong>su-</strong></span> 
     </span>
     <span class='ocr_line' id='line_1_20' title="bbox 633 1667 1231 1722; baseline -0.003 0"><span class='ocrx_word' id='word_1_88' title='bbox 633 1689 755 1722; x_wconf 87' lang='lat' dir='ltr'><strong>mus</strong></span> <span class='ocrx_word' id='word_1_89' title='bbox 778 1672 907 1721; x_wconf 85' lang='lat' dir='ltr'><strong>sicut</strong></span> <span class='ocrx_word' id='word_1_90' title='bbox 949 1667 1190 1721; x_wconf 73' lang='lat' dir='ltr'><strong>consohiti</strong></span> <span class='ocrx_word' id='word_1_91' title='bbox 1221 1691 1231 1720; x_wconf 92' lang='lat'>:</span> 
     </span>
     <span class='ocr_line' id='line_1_21' title="bbox 634 1731 1520 1805; baseline -0.003 -16"><span class='ocrx_word' id='word_1_92' title='bbox 634 1743 791 1789; x_wconf 85' lang='lat' dir='ltr'><strong>Tunc</strong></span> <span class='ocrx_word' id='word_1_93' title='bbox 847 1738 1090 1804; x_wconf 73' lang='lat' dir='ltr'><strong>repletum</strong></span> <span class='ocrx_word' id='word_1_94' title='bbox 1128 1747 1202 1787; x_wconf 89' lang='lat' dir='ltr'><strong>est</strong></span> <span class='ocrx_word' id='word_1_95' title='bbox 1238 1731 1422 1805; x_wconf 53' lang='lat' dir='ltr'><strong>giudio</strong></span> <span class='ocrx_word' id='word_1_96' title='bbox 1465 1755 1520 1788; x_wconf 90' lang='lat' dir='ltr'><strong>os</strong></span> 
     </span>
     <span class='ocr_line' id='line_1_22' title="bbox 633 1804 1522 1872; baseline -0.001 -18"><span class='ocrx_word' id='word_1_97' title='bbox 633 1813 876 1854; x_wconf 79' lang='lat' dir='ltr'><strong>nostrum</strong></span> <span class='ocrx_word' id='word_1_98' title='bbox 922 1823 933 1852; x_wconf 75' lang='grc' dir='ltr'><strong><em>ε</em></strong></span> <span class='ocrx_word' id='word_1_99' title='bbox 980 1806 1000 1825; x_wconf 87' lang='lat'><strong>*</strong></span> <span class='ocrx_word' id='word_1_100' title='bbox 1037 1813 1090 1853; x_wconf 91' lang='lat' dir='ltr'><strong>et</strong></span> <span class='ocrx_word' id='word_1_101' title='bbox 1128 1804 1302 1872; x_wconf 84' lang='lat' dir='ltr'><strong>lingua</strong></span> <span class='ocrx_word' id='word_1_102' title='bbox 1351 1814 1522 1854; x_wconf 83' lang='lat' dir='ltr'><strong>nostra</strong></span> 
     </span>
     <span class='ocr_line' id='line_1_23' title="bbox 633 1868 966 1921; baseline -0.009 0"><span class='ocrx_word' id='word_1_103' title='bbox 633 1868 966 1921; x_wconf 63' lang='lat' dir='ltr'><strong>exultatione.</strong></span> 
     </span>
     <span class='ocr_line' id='line_1_24' title="bbox 633 1935 1448 2004; baseline -0.006 -14"><span class='ocrx_word' id='word_1_104' title='bbox 633 1940 788 1990; x_wconf 84' lang='lat' dir='ltr'><strong>Tunc</strong></span> <span class='ocrx_word' id='word_1_105' title='bbox 843 1935 1014 1986; x_wconf 85' lang='lat' dir='ltr'><strong>dicent</strong></span> <span class='ocrx_word' id='word_1_106' title='bbox 1084 1937 1216 1986; x_wconf 83' lang='lat' dir='ltr'><strong>inter</strong></span> <span class='ocrx_word' id='word_1_107' title='bbox 1273 1945 1448 2004; x_wconf 79' lang='lat' dir='ltr'><strong>gentes</strong></span> 
     </span>
     <span class='ocr_line' id='line_1_25' title="bbox 633 1998 1524 2068; baseline 0 -16"><span class='ocrx_word' id='word_1_108' title='bbox 633 2004 654 2026; x_wconf 78' lang='lat'><strong>*</strong></span> <span class='ocrx_word' id='word_1_109' title='bbox 701 1998 1047 2068; x_wconf 67' lang='lat' dir='ltr'><strong>Magnificzivit</strong></span> <span class='ocrx_word' id='word_1_110' title='bbox 1088 2003 1334 2052; x_wconf 79' lang='lat' dir='ltr'><strong>Dominus</strong></span> <span class='ocrx_word' id='word_1_111' title='bbox 1355 2000 1524 2052; x_wconf 65' lang='lat' dir='ltr'><strong>faicere</strong></span> 
     </span>
     <span class='ocr_line' id='line_1_26' title="bbox 633 2069 867 2120; baseline -0.013 0"><span class='ocrx_word' id='word_1_112' title='bbox 633 2085 760 2120; x_wconf 85' lang='lat' dir='ltr'><strong>cum</strong></span> <span class='ocrx_word' id='word_1_113' title='bbox 778 2069 867 2119; x_wconf 90' lang='lat' dir='ltr'><strong>eis.</strong></span> 
     </span>
     <span class='ocr_line' id='line_1_27' title="bbox 634 2130 1529 2203; baseline -0.004 -16"><span class='ocrx_word' id='word_1_114' title='bbox 634 2130 985 2203; x_wconf 68' lang='lat' dir='ltr'><strong>Magnificzivit</strong></span> <span class='ocrx_word' id='word_1_115' title='bbox 1002 2133 1244 2184; x_wconf 73' lang='lat' dir='ltr'><strong>Dominus</strong></span> <span class='ocrx_word' id='word_1_116' title='bbox 1259 2132 1422 2185; x_wconf 66' lang='lat' dir='ltr'><strong>faicere</strong></span> <span class='ocrx_word' id='word_1_117' title='bbox 1447 2152 1529 2183; x_wconf 87' lang='lat' dir='ltr'><strong>no·</strong></span> 
     </span>
     <span class='ocr_line' id='line_1_28' title="bbox 634 2197 1520 2252; baseline -0.003 0"><span class='ocrx_word' id='word_1_118' title='bbox 634 2201 839 2252; x_wconf 80' lang='lat' dir='ltr'><strong>hiscum</strong></span> <span class='ocrx_word' id='word_1_119' title='bbox 870 2220 879 2249; x_wconf 92' lang='lat'><strong>:</strong></span> <span class='ocrx_word' id='word_1_120' title='bbox 902 2202 921 2221; x_wconf 92' lang='lat'><em>*</em></span> <span class='ocrx_word' id='word_1_121' title='bbox 940 2202 1057 2250; x_wconf 84' lang='lat' dir='ltr'><strong>facti</strong></span> <span class='ocrx_word' id='word_1_122' title='bbox 1081 2218 1253 2251; x_wconf 87' lang='lat' dir='ltr'><strong>sumus</strong></span> <span class='ocrx_word' id='word_1_123' title='bbox 1281 2197 1520 2251; x_wconf 72' lang='lat' dir='ltr'><strong>laetzintes.</strong></span> 
     </span>
     <span class='ocr_line' id='line_1_29' title="bbox 638 2264 1529 2335; baseline -0.002 -16"><span class='ocrx_word' id='word_1_124' title='bbox 638 2268 902 2319; x_wconf 71' lang='lat' dir='ltr'><strong>Converte</strong></span> <span class='ocrx_word' id='word_1_125' title='bbox 925 2306 936 2326; x_wconf 88' lang='lat'>‚</span> <span class='ocrx_word' id='word_1_126' title='bbox 976 2267 1188 2317; x_wconf 74' lang='lat' dir='ltr'><strong>Domine</strong></span> <span class='ocrx_word' id='word_1_127' title='bbox 1216 2306 1226 2327; x_wconf 91' lang='lat'><strong><em>,</em></strong></span> <span class='ocrx_word' id='word_1_128' title='bbox 1262 2264 1529 2335; x_wconf 70' lang='lat' dir='ltr'><strong>captivitzi-</strong></span> 
     </span>
     <span class='ocr_line' id='line_1_30' title="bbox 640 2335 1525 2395; baseline -0.002 -11"><span class='ocrx_word' id='word_1_129' title='bbox 640 2344 753 2384; x_wconf 79' lang='lat' dir='ltr'><strong>tem</strong></span> <span class='ocrx_word' id='word_1_130' title='bbox 788 2343 1047 2395; x_wconf 87' lang='lat' dir='ltr'><strong>nostram,</strong></span> <span class='ocrx_word' id='word_1_131' title='bbox 1096 2335 1117 2355; x_wconf 84' lang='lat'><strong>*</strong></span> <span class='ocrx_word' id='word_1_132' title='bbox 1157 2335 1285 2384; x_wconf 89' lang='lat' dir='ltr'><strong>sicut</strong></span> <span class='ocrx_word' id='word_1_133' title='bbox 1331 2344 1525 2384; x_wconf 87' lang='lat' dir='ltr'><strong>torrens</strong></span> 
     </span>
     <span class='ocr_line' id='line_1_31' title="bbox 643 2398 940 2451; baseline -0.013 0"><span class='ocrx_word' id='word_1_134' title='bbox 643 2401 701 2451; x_wconf 86' lang='lat' dir='ltr'><strong>in</strong></span> <span class='ocrx_word' id='word_1_135' title='bbox 738 2398 940 2448; x_wconf 80' lang='lat' dir='ltr'><strong>Austro.</strong></span> 
     </span>
     <span class='ocr_line' id='line_1_32' title="bbox 644 2461 1372 2532; baseline 0.001 -18"><span class='ocrx_word' id='word_1_136' title='bbox 644 2466 743 2532; x_wconf 87' lang='lat' dir='ltr'><strong>Qui</strong></span> <span class='ocrx_word' id='word_1_137' title='bbox 769 2466 1022 2515; x_wconf 73' lang='lat' dir='ltr'><strong>seminant</strong></span> <span class='ocrx_word' id='word_1_138' title='bbox 1053 2466 1105 2513; x_wconf 86' lang='lat' dir='ltr'><strong>in</strong></span> <span class='ocrx_word' id='word_1_139' title='bbox 1124 2461 1372 2532; x_wconf 57' lang='lat' dir='ltr'><strong>lucrymis,</strong></span> 
     </span>
     <span class='ocr_line' id='line_1_33' title="bbox 644 2532 1209 2583; baseline -0.005 -1"><span class='ocrx_word' id='word_1_140' title='bbox 644 2532 959 2583; x_wconf 77' lang='lat' dir='ltr'><strong>exultatione</strong></span> <span class='ocrx_word' id='word_1_141' title='bbox 999 2541 1209 2581; x_wconf 89' lang='lat' dir='ltr'><strong>metent.</strong></span> 
     </span>
     <span class='ocr_line' id='line_1_34' title="bbox 647 2598 1528 2659; baseline 0 -10"><span class='ocrx_word' id='word_1_142' title='bbox 647 2599 842 2650; x_wconf 75' lang='lat' dir='ltr'><strong>Euntes</strong></span> <span class='ocrx_word' id='word_1_143' title='bbox 879 2598 1021 2647; x_wconf 85' lang='lat' dir='ltr'>ibant</span> <span class='ocrx_word' id='word_1_144' title='bbox 1042 2607 1093 2647; x_wconf 92' lang='lat' dir='ltr'><strong>et</strong></span> <span class='ocrx_word' id='word_1_145' title='bbox 1125 2598 1332 2659; x_wconf 81' lang='lat' dir='ltr'><strong>flebant,</strong></span> <span class='ocrx_word' id='word_1_146' title='bbox 1362 2600 1382 2619; x_wconf 81' lang='lat'><strong>*</strong></span> <span class='ocrx_word' id='word_1_147' title='bbox 1406 2601 1528 2649; x_wconf 91' lang='lat' dir='ltr'><strong>mit—</strong></span> 
     </span>
     <span class='ocr_line' id='line_1_35' title="bbox 648 2659 1159 2714; baseline -0.004 0"><span class='ocrx_word' id='word_1_148' title='bbox 648 2659 815 2714; x_wconf 64' lang='lat' dir='ltr'><strong>tentes</strong></span> <span class='ocrx_word' id='word_1_149' title='bbox 838 2662 1031 2713; x_wconf 74' lang='lat' dir='ltr'><strong>semina</strong></span> <span class='ocrx_word' id='word_1_150' title='bbox 1053 2680 1159 2713; x_wconf 81' lang='lat' dir='ltr'><strong>sua.</strong></span> 
     </span>
     <span class='ocr_line' id='line_1_36' title="bbox 647 2726 1527 2783; baseline 0 -2"><span class='ocrx_word' id='word_1_151' title='bbox 647 2726 923 2783; x_wconf 74' lang='lat' dir='ltr'><strong>Venientes</strong></span> <span class='ocrx_word' id='word_1_152' title='bbox 966 2740 1134 2779; x_wconf 80' lang='lat' dir='ltr'><strong>autem</strong></span> <span class='ocrx_word' id='word_1_153' title='bbox 1170 2726 1374 2780; x_wconf 73' lang='lat' dir='ltr'><strong>venient</strong></span> <span class='ocrx_word' id='word_1_154' title='bbox 1412 2748 1527 2781; x_wconf 90' lang='lat' dir='ltr'><strong>cum</strong></span> 
     </span>
     <span class='ocr_line' id='line_1_37' title="bbox 648 2792 1529 2862; baseline -0.002 -15"><span class='ocrx_word' id='word_1_155' title='bbox 648 2795 985 2857; x_wconf 73' lang='lat' dir='ltr'><strong>exultatione,</strong></span> <span class='ocrx_word' id='word_1_156' title='bbox 1023 2797 1043 2817; x_wconf 70' lang='lat'><strong>¹*</strong></span> <span class='ocrx_word' id='word_1_157' title='bbox 1073 2792 1328 2862; x_wconf 57' lang='lat' dir='ltr'><strong>portfintes</strong></span> <span class='ocrx_word' id='word_1_158' title='bbox 1361 2799 1529 2847; x_wconf 82' lang='lat' dir='ltr'><strong>mani-—</strong></span> 
     </span>
     <span class='ocr_line' id='line_1_38' title="bbox 651 2863 967 2929; baseline 0 -18"><span class='ocrx_word' id='word_1_159' title='bbox 651 2863 799 2929; x_wconf 85' lang='lat' dir='ltr'><strong>pulos</strong></span> <span class='ocrx_word' id='word_1_160' title='bbox 837 2879 967 2911; x_wconf 89' lang='lat' dir='ltr'><strong>suos.</strong></span> 
     </span>
     <span class='ocr_line' id='line_1_39' title="bbox 641 2926 1524 2991; baseline -0.005 -9"><span class='ocrx_word' id='word_1_161' title='bbox 641 2933 778 2982; x_wconf 66' lang='lat' dir='ltr'><strong>Ana.</strong></span> <span class='ocrx_word' id='word_1_162' title='bbox 814 2926 1003 2978; x_wconf 79' lang='lat' dir='ltr'><strong>Euntes</strong></span> <span class='ocrx_word' id='word_1_163' title='bbox 1035 2928 1178 2978; x_wconf 85' lang='lat' dir='ltr'><strong>ibant</strong></span> <span class='ocrx_word' id='word_1_164' title='bbox 1215 2938 1266 2978; x_wconf 92' lang='lat' dir='ltr'><strong>et</strong></span> <span class='ocrx_word' id='word_1_165' title='bbox 1298 2928 1524 2991; x_wconf 85' lang='lat' dir='ltr'><strong>flebant,</strong></span> 
     </span>
     <span class='ocr_line' id='line_1_40' title="bbox 653 2990 1279 3044; baseline -0.005 0"><span class='ocrx_word' id='word_1_166' title='bbox 653 2994 915 3044; x_wconf 72' lang='lat' dir='ltr'><strong>mittentes</strong></span> <span class='ocrx_word' id='word_1_167' title='bbox 949 2990 1140 3044; x_wconf 69' lang='lat' dir='ltr'><strong>semina</strong></span> <span class='ocrx_word' id='word_1_168' title='bbox 1173 3011 1279 3044; x_wconf 82' lang='lat' dir='ltr'><strong>sua.</strong></span> 
     </span>
     <span class='ocr_line' id='line_1_41' title="bbox 650 3059 1530 3141; baseline -0.006 -27"><span class='ocrx_word' id='word_1_169' title='bbox 650 3066 780 3114; x_wconf 70' lang='lat' dir='ltr'><strong>Asia.</strong></span> <span class='ocrx_word' id='word_1_170' title='bbox 818 3059 1136 3110; x_wconf 57' lang='lat' dir='ltr'><strong>Consortitus</strong></span> <span class='ocrx_word' id='word_1_171' title='bbox 1158 3070 1234 3110; x_wconf 88' lang='lat' dir='ltr'><strong>est</strong></span> <span class='ocrx_word' id='word_1_172' title='bbox 1277 3061 1297 3080; x_wconf 89' lang='lat'><strong>*</strong></span> <span class='ocrx_word' id='word_1_173' title='bbox 1329 3061 1530 3141; x_wconf 79' lang='lat' dir='ltr'><strong>princi-</strong></span> 
     </span>
     <span class='ocr_line' id='line_1_42' title="bbox 654 3125 1528 3194; baseline 0.001 -18"><span class='ocrx_word' id='word_1_174' title='bbox 654 3125 806 3194; x_wconf 70' lang='lat' dir='ltr'><strong>pzitus</strong></span> <span class='ocrx_word' id='word_1_175' title='bbox 823 3125 996 3176; x_wconf 74' lang='lat' dir='ltr'><strong>eorum</strong></span> <span class='ocrx_word' id='word_1_176' title='bbox 1020 3165 1031 3188; x_wconf 92' lang='lat'>,</span> <span class='ocrx_word' id='word_1_177' title='bbox 1063 3137 1114 3176; x_wconf 91' lang='lat' dir='ltr'><strong>et</strong></span> <span class='ocrx_word' id='word_1_178' title='bbox 1152 3125 1384 3176; x_wconf 83' lang='lat' dir='ltr'><strong>honorati</strong></span> <span class='ocrx_word' id='word_1_179' title='bbox 1411 3137 1528 3177; x_wconf 87' lang='lat' dir='ltr'><strong>sunt</strong></span> 
     </span>
     <span class='ocr_line' id='line_1_43' title="bbox 653 3191 1106 3254; baseline -0.002 -12"><span class='ocrx_word' id='word_1_180' title='bbox 653 3191 805 3242; x_wconf 87' lang='lat' dir='ltr'><strong>amici</strong></span> <span class='ocrx_word' id='word_1_181' title='bbox 830 3194 932 3254; x_wconf 81' lang='lat' dir='ltr'><strong>tui,</strong></span> <span class='ocrx_word' id='word_1_182' title='bbox 958 3193 1106 3242; x_wconf 85' lang='lat' dir='ltr'><strong>Deus.</strong></span> 
     </span>
     <span class='ocr_line' id='line_1_44' title="bbox 909 3263 1280 3312; baseline -0.005 -1"><span class='ocrx_word' id='word_1_183' title='bbox 909 3263 1130 3311; x_wconf 82' lang='lat' dir='ltr'><strong>Psalmus</strong></span> <span class='ocrx_word' id='word_1_184' title='bbox 1169 3265 1280 3312; x_wconf 56' lang='lat'>1¹38.</span> 
     </span>
     <span class='ocr_line' id='line_1_45' title="bbox 650 3324 1530 3392; baseline -0.001 -17"><span class='ocrx_word' id='word_1_185' title='bbox 650 3356 654 3360; x_wconf 92' lang='lat'><em>-</em></span> <span class='ocrx_word' id='word_1_186' title='bbox 769 3341 931 3384; x_wconf 72' lang='lat' dir='ltr'><strong>mnne,</strong></span> <span class='ocrx_word' id='word_1_187' title='bbox 968 3324 1190 3392; x_wconf 50' lang='lat' dir='ltr'><strong>probasti</strong></span> <span class='ocrx_word' id='word_1_188' title='bbox 1219 3343 1326 3386; x_wconf 88' lang='lat' dir='ltr'><strong>me,</strong></span> <span class='ocrx_word' id='word_1_189' title='bbox 1355 3336 1406 3376; x_wconf 86' lang='lat' dir='ltr'><strong>et</strong></span> <span class='ocrx_word' id='word_1_190' title='bbox 1441 3341 1530 3374; x_wconf 89' lang='lat' dir='ltr'><strong>co-</strong></span> 
     </span>
     <span class='ocr_line' id='line_1_46' title="bbox 656 3339 1531 3460; baseline 0 -20"><span class='ocrx_word' id='word_1_191' title='bbox 656 3339 768 3452; x_wconf 87' lang='lat' dir='ltr'>D</span> <span class='ocrx_word' id='word_1_192' title='bbox 802 3391 1016 3459; x_wconf 79' lang='lat' dir='ltr'><strong>gnovisti</strong></span> <span class='ocrx_word' id='word_1_193' title='bbox 1057 3408 1140 3441; x_wconf 88' lang='lat' dir='ltr'><strong>me</strong></span> <span class='ocrx_word' id='word_1_194' title='bbox 1168 3411 1180 3440; x_wconf 91' lang='lat'>:</span> <span class='ocrx_word' id='word_1_195' title='bbox 1207 3392 1227 3414; x_wconf 89' lang='lat'><strong>*</strong></span> <span class='ocrx_word' id='word_1_196' title='bbox 1256 3402 1312 3442; x_wconf 82' lang='lat' dir='ltr'><strong>tu</strong></span> <span class='ocrx_word' id='word_1_197' title='bbox 1349 3409 1531 3460; x_wconf 77' lang='lat' dir='ltr'><strong>cogno-</strong></span> 
     </span>
    </p>
   </div>
   <div class='ocr_carea' id='block_1_5' title="bbox 1415 2466 1485 2486">
    <p class='ocr_par' dir='ltr' id='par_1_5' title="bbox 1415 2466 1485 2486">
     <span class='ocr_line' id='line_1_47' title="bbox 1415 2466 1485 2486; baseline 0 -10"><span class='ocrx_word' id='word_1_198' title='bbox 1415 2466 1434 2486; x_wconf 60' lang='lat'><em>*</em></span> <span class='ocrx_word' id='word_1_199' title='bbox 1476 2467 1485 2476; x_wconf 91' lang='lat'>.</span> 
     </span>
    </p>
   </div>
   <div class='ocr_carea' id='block_1_6' title="bbox 1473 2483 1525 2515">
    <p class='ocr_par' dir='ltr' id='par_1_6' title="bbox 1473 2483 1525 2515">
     <span class='ocr_line' id='line_1_48' title="bbox 1473 2483 1525 2515; baseline 0.038 -2"><span class='ocrx_word' id='word_1_200' title='bbox 1473 2483 1525 2515; x_wconf 81' lang='lat' dir='ltr'><strong>1ss</strong></span> 
     </span>
    </p>
   </div>
   <div class='ocr_carea' id='block_1_7' title="bbox 662 3454 2021 3526">
    <p class='ocr_par' dir='ltr' id='par_1_7' title="bbox 662 3454 2021 3526">
     <span class='ocr_line' id='line_1_49' title="bbox 662 3454 2021 3526; baseline -0.002 -20"><span class='ocrx_word' id='word_1_201' title='bbox 662 3458 772 3526; x_wconf 77' lang='lat' dir='ltr'><strong>visti</strong></span> <span class='ocrx_word' id='word_1_202' title='bbox 811 3455 1079 3508; x_wconf 73' lang='lat' dir='ltr'><strong>sessionem</strong></span> <span class='ocrx_word' id='word_1_203' title='bbox 1118 3475 1310 3521; x_wconf 82' lang='lat' dir='ltr'><strong>meam,</strong></span> <span class='ocrx_word' id='word_1_204' title='bbox 1353 3468 1406 3509; x_wconf 88' lang='lat' dir='ltr'><strong>et</strong></span> <span class='ocrx_word' id='word_1_205' title='bbox 1449 3475 1536 3508; x_wconf 69' lang='lat' dir='ltr'><strong>re·-</strong></span> <span class='ocrx_word' id='word_1_206' title='bbox 1579 3473 1667 3505; x_wconf 88' lang='lat' dir='ltr'><strong>nes</strong></span> <span class='ocrx_word' id='word_1_207' title='bbox 1695 3454 1977 3505; x_wconf 71' lang='lat' dir='ltr'><strong>scribentur</strong></span> <span class='ocrx_word' id='word_1_208' title='bbox 2010 3474 2021 3503; x_wconf 92' lang='lat'>:</span> 
     </span>
    </p>
   </div>
   <div class='ocr_carea' id='block_1_8' title="bbox 659 3522 1240 3640">
    <p class='ocr_par' dir='ltr' id='par_1_8' title="bbox 659 3522 1240 3640">
     <span class='ocr_line' id='line_1_50' title="bbox 659 3522 1240 3586; baseline 0 -13"><span class='ocrx_word' id='word_1_209' title='bbox 659 3522 1021 3586; x_wconf 70' lang='lat' dir='ltr'><strong>surrectionem</strong></span> <span class='ocrx_word' id='word_1_210' title='bbox 1057 3541 1240 3575; x_wconf 82' lang='lat' dir='ltr'><strong>meam.</strong></span> 
     </span>
     <span class='ocr_line' id='line_1_51' title="bbox 730 3607 954 3640; baseline -0.004 0"><span class='ocrx_word' id='word_1_211' title='bbox 730 3607 954 3640; x_wconf 75' lang='lat' dir='ltr'><strong>mtmms.</strong></span> 
     </span>
    </p>
   </div>
   <div class='ocr_carea' id='block_1_9' title="bbox 1556 610 2435 681">
    <p class='ocr_par' dir='ltr' id='par_1_9' title="bbox 1556 610 2435 681">
     <span class='ocr_line' id='line_1_52' title="bbox 1556 610 2435 681; baseline 0.009 -19"><span class='ocrx_word' id='word_1_212' title='bbox 1556 612 1622 663; x_wconf 85' lang='lat' dir='ltr'><strong>de</strong></span> <span class='ocrx_word' id='word_1_213' title='bbox 1644 613 1729 663; x_wconf 91' lang='lat' dir='ltr'><strong>lon</strong></span> <span class='ocrx_word' id='word_1_214' title='bbox 1767 631 1795 664; x_wconf 90' lang='lat' dir='ltr'><strong>e</strong></span> <span class='ocrx_word' id='word_1_215' title='bbox 1817 634 1828 663; x_wconf 93' lang='lat'><strong>:</strong></span> <span class='ocrx_word' id='word_1_216' title='bbox 1851 614 1872 636; x_wconf 85' lang='lat'><strong>*</strong></span> <span class='ocrx_word' id='word_1_217' title='bbox 1894 610 2124 666; x_wconf 66' lang='lat' dir='ltr'><strong>semitam</strong></span> <span class='ocrx_word' id='word_1_218' title='bbox 2148 634 2341 681; x_wconf 84' lang='lat' dir='ltr'><strong>meam,</strong></span> <span class='ocrx_word' id='word_1_219' title='bbox 2383 630 2435 670; x_wconf 84' lang='lat' dir='ltr'><strong>et</strong></span> 
     </span>
    </p>
   </div>
   <div class='ocr_carea' id='block_1_10' title="bbox 1367 678 2395 762">
    <p class='ocr_par' dir='ltr' id='par_1_10' title="bbox 1367 678 2395 762">
     <span class='ocr_line' id='line_1_53' title="bbox 1367 678 2395 762; baseline 0.004 -33"><span class='ocrx_word' id='word_1_220' title='bbox 1367 680 1387 699; x_wconf 88' lang='lat'><strong>*</strong></span> <span class='ocrx_word' id='word_1_221' title='bbox 1423 678 1512 729; x_wconf 84' lang='lat' dir='ltr'><strong>tibi</strong></span> <span class='ocrx_word' id='word_1_222' title='bbox 1555 678 1732 729; x_wconf 80' lang='lat' dir='ltr'><strong>funicu</strong></span> <span class='ocrx_word' id='word_1_223' title='bbox 1753 697 1840 729; x_wconf 92' lang='lat' dir='ltr'><strong>um</strong></span> <span class='ocrx_word' id='word_1_224' title='bbox 1869 678 2040 731; x_wconf 73' lang='lat' dir='ltr'><strong>meum</strong></span> <span class='ocrx_word' id='word_1_225' title='bbox 2074 683 2395 762; x_wconf 66' lang='lat' dir='ltr'><strong>investigdsti.</strong></span> 
     </span>
    </p>
   </div>
   <div class='ocr_carea' id='block_1_11' title="bbox 1558 747 2442 1918">
    <p class='ocr_par' dir='ltr' id='par_1_11' title="bbox 1558 747 2435 927">
     <span class='ocr_line' id='line_1_54' title="bbox 1565 747 2431 816; baseline 0.008 -22"><span class='ocrx_word' id='word_1_226' title='bbox 1565 747 1622 795; x_wconf 87' lang='lat' dir='ltr'><strong>Et</strong></span> <span class='ocrx_word' id='word_1_227' title='bbox 1645 761 1818 796; x_wconf 89' lang='lat' dir='ltr'><strong>omnes</strong></span> <span class='ocrx_word' id='word_1_228' title='bbox 1845 748 1948 797; x_wconf 85' lang='lat' dir='ltr'><strong>vias</strong></span> <span class='ocrx_word' id='word_1_229' title='bbox 1970 765 2108 798; x_wconf 79' lang='lat' dir='ltr'><strong>meas</strong></span> <span class='ocrx_word' id='word_1_230' title='bbox 2130 751 2395 816; x_wconf 74' lang='lat' dir='ltr'><strong>praevidisti</strong></span> <span class='ocrx_word' id='word_1_231' title='bbox 2420 772 2431 801; x_wconf 75' lang='grc' dir='ltr'><strong><em>ε</em></strong></span> 
     </span>
     <span class='ocr_line' id='line_1_55' title="bbox 1558 812 2435 886; baseline 0.009 -26"><span class='ocrx_word' id='word_1_232' title='bbox 1558 812 1580 832; x_wconf 89' lang='lat'><strong>*</strong></span> <span class='ocrx_word' id='word_1_233' title='bbox 1614 813 1734 877; x_wconf 83' lang='lat' dir='ltr'><strong>quia</strong></span> <span class='ocrx_word' id='word_1_234' title='bbox 1756 828 1858 862; x_wconf 89' lang='lat' dir='ltr'><strong>non</strong></span> <span class='ocrx_word' id='word_1_235' title='bbox 1889 823 1964 863; x_wconf 92' lang='lat' dir='ltr'><strong>est</strong></span> <span class='ocrx_word' id='word_1_236' title='bbox 1990 831 2156 864; x_wconf 87' lang='lat' dir='ltr'><strong>sermo</strong></span> <span class='ocrx_word' id='word_1_237' title='bbox 2186 816 2238 865; x_wconf 92' lang='lat' dir='ltr'><strong>in</strong></span> <span class='ocrx_word' id='word_1_238' title='bbox 2263 817 2435 886; x_wconf 85' lang='lat' dir='ltr'><strong>lingua</strong></span> 
     </span>
     <span class='ocr_line' id='line_1_56' title="bbox 1560 893 1691 927; baseline 0 -2"><span class='ocrx_word' id='word_1_239' title='bbox 1560 893 1691 927; x_wconf 86' lang='lat' dir='ltr'><strong>mea.</strong></span> 
     </span>
    </p>

    <p class='ocr_par' dir='ltr' id='par_1_12' title="bbox 1560 943 2436 1208">
     <span class='ocr_line' id='line_1_57' title="bbox 1567 943 2433 1015; baseline 0.008 -23"><span class='ocrx_word' id='word_1_240' title='bbox 1567 946 1720 1004; x_wconf 87' lang='lat' dir='ltr'><strong>Ecce,</strong></span> <span class='ocrx_word' id='word_1_241' title='bbox 1766 943 1979 995; x_wconf 70' lang='lat' dir='ltr'><strong>Domine</strong></span> <span class='ocrx_word' id='word_1_242' title='bbox 2001 985 2012 1005; x_wconf 91' lang='lat'>,</span> <span class='ocrx_word' id='word_1_243' title='bbox 2060 956 2115 996; x_wconf 90' lang='lat' dir='ltr'><strong>tu</strong></span> <span class='ocrx_word' id='word_1_244' title='bbox 2160 950 2433 1015; x_wconf 80' lang='lat' dir='ltr'>cognovisti</span> 
     </span>
     <span class='ocr_line' id='line_1_58' title="bbox 1560 1008 2434 1081; baseline 0.009 -24"><span class='ocrx_word' id='word_1_245' title='bbox 1560 1008 1732 1059; x_wconf 72' lang='lat' dir='ltr'><strong>omnia</strong></span> <span class='ocrx_word' id='word_1_246' title='bbox 1754 1010 2046 1072; x_wconf 85' lang='lat' dir='ltr'><strong>novissima,</strong></span> <span class='ocrx_word' id='word_1_247' title='bbox 2073 1022 2125 1062; x_wconf 88' lang='lat' dir='ltr'><strong>et</strong></span> <span class='ocrx_word' id='word_1_248' title='bbox 2145 1014 2353 1081; x_wconf 79' lang='lat' dir='ltr'><strong>antiqua</strong></span> <span class='ocrx_word' id='word_1_249' title='bbox 2381 1036 2391 1065; x_wconf 93' lang='lat'>:</span> <span class='ocrx_word' id='word_1_250' title='bbox 2415 1018 2434 1036; x_wconf 70' lang='lat'>²</span> 
     </span>
     <span class='ocr_line' id='line_1_59' title="bbox 1563 1072 2436 1145; baseline 0.007 -20"><span class='ocrx_word' id='word_1_251' title='bbox 1563 1084 1616 1125; x_wconf 87' lang='lat' dir='ltr'><strong>tu</strong></span> <span class='ocrx_word' id='word_1_252' title='bbox 1640 1072 1871 1126; x_wconf 64' lang='lat' dir='ltr'><strong>formdsti</strong></span> <span class='ocrx_word' id='word_1_253' title='bbox 1895 1094 2000 1138; x_wconf 91' lang='lat' dir='ltr'><strong>me,</strong></span> <span class='ocrx_word' id='word_1_254' title='bbox 2032 1087 2084 1127; x_wconf 90' lang='lat' dir='ltr'><strong>et</strong></span> <span class='ocrx_word' id='word_1_255' title='bbox 2117 1080 2322 1145; x_wconf 77' lang='lat' dir='ltr'><strong>posuisti</strong></span> <span class='ocrx_word' id='word_1_256' title='bbox 2345 1098 2436 1131; x_wconf 84' lang='lat' dir='ltr'><strong>su-</strong></span> 
     </span>
     <span class='ocr_line' id='line_1_60' title="bbox 1560 1153 2173 1208; baseline 0.003 -18"><span class='ocrx_word' id='word_1_257' title='bbox 1560 1157 1653 1208; x_wconf 86' lang='lat' dir='ltr'><strong>per</strong></span> <span class='ocrx_word' id='word_1_258' title='bbox 1680 1158 1762 1192; x_wconf 89' lang='lat' dir='ltr'><strong>me</strong></span> <span class='ocrx_word' id='word_1_259' title='bbox 1785 1160 1995 1192; x_wconf 85' lang='lat' dir='ltr'><strong>manum</strong></span> <span class='ocrx_word' id='word_1_260' title='bbox 2018 1153 2173 1194; x_wconf 85' lang='lat' dir='ltr'><strong>tuam.</strong></span> 
     </span>
    </p>

    <p class='ocr_par' dir='ltr' id='par_1_13' title="bbox 1561 1204 2435 1406">
     <span class='ocr_line' id='line_1_61' title="bbox 1569 1204 2435 1262; baseline 0.008 -6"><span class='ocrx_word' id='word_1_261' title='bbox 1569 1204 1807 1258; x_wconf 70' lang='lat' dir='ltr'><strong>Mirzibilis</strong></span> <span class='ocrx_word' id='word_1_262' title='bbox 1844 1209 1977 1258; x_wconf 79' lang='lat' dir='ltr'><strong>facta</strong></span> <span class='ocrx_word' id='word_1_263' title='bbox 2016 1220 2091 1260; x_wconf 87' lang='lat' dir='ltr'><strong>est</strong></span> <span class='ocrx_word' id='word_1_264' title='bbox 2116 1212 2324 1262; x_wconf 72' lang='lat' dir='ltr'><strong>scientia</strong></span> <span class='ocrx_word' id='word_1_265' title='bbox 2347 1222 2435 1262; x_wconf 82' lang='lat' dir='ltr'><strong>tua</strong></span> 
     </span>
     <span class='ocr_line' id='line_1_62' title="bbox 1563 1276 2433 1340; baseline 0.006 -17"><span class='ocrx_word' id='word_1_266' title='bbox 1563 1291 1624 1323; x_wconf 82' lang='lat' dir='ltr'><strong>ex</strong></span> <span class='ocrx_word' id='word_1_267' title='bbox 1650 1291 1732 1324; x_wconf 92' lang='lat' dir='ltr'><strong>me</strong></span> <span class='ocrx_word' id='word_1_268' title='bbox 1761 1293 1772 1322; x_wconf 88' lang='lat'><strong>:</strong></span> <span class='ocrx_word' id='word_1_269' title='bbox 1798 1278 1818 1296; x_wconf 88' lang='lat'><strong>*</strong></span> <span class='ocrx_word' id='word_1_270' title='bbox 1836 1276 2117 1326; x_wconf 73' lang='lat' dir='ltr'><strong>confortzita</strong></span> <span class='ocrx_word' id='word_1_271' title='bbox 2138 1287 2229 1340; x_wconf 85' lang='lat' dir='ltr'><strong>est,</strong></span> <span class='ocrx_word' id='word_1_272' title='bbox 2257 1287 2309 1328; x_wconf 86' lang='lat' dir='ltr'><strong>et</strong></span> <span class='ocrx_word' id='word_1_273' title='bbox 2331 1296 2433 1328; x_wconf 92' lang='lat' dir='ltr'><strong>non</strong></span> 
     </span>
     <span class='ocr_line' id='line_1_63' title="bbox 1561 1339 2001 1406; baseline 0.005 -18"><span class='ocrx_word' id='word_1_274' title='bbox 1561 1339 1734 1406; x_wconf 68' lang='lat' dir='ltr'><strong>potero</strong></span> <span class='ocrx_word' id='word_1_275' title='bbox 1768 1340 1835 1390; x_wconf 88' lang='lat' dir='ltr'><strong>ad</strong></span> <span class='ocrx_word' id='word_1_276' title='bbox 1871 1358 2001 1390; x_wconf 84' lang='lat' dir='ltr'><strong>eam.</strong></span> 
     </span>
    </p>

    <p class='ocr_par' dir='ltr' id='par_1_14' title="bbox 1562 1405 2436 1542">
     <span class='ocr_line' id='line_1_64' title="bbox 1569 1405 2436 1478; baseline 0.007 -24"><span class='ocrx_word' id='word_1_277' title='bbox 1569 1408 1674 1469; x_wconf 89' lang='lat' dir='ltr'><strong>Quo</strong></span> <span class='ocrx_word' id='word_1_278' title='bbox 1695 1405 1780 1456; x_wconf 92' lang='lat' dir='ltr'><strong>ibo</strong></span> <span class='ocrx_word' id='word_1_279' title='bbox 1803 1423 1833 1455; x_wconf 87' lang='lat' dir='ltr'>a</span> <span class='ocrx_word' id='word_1_280' title='bbox 1855 1408 2029 1474; x_wconf 87' lang='lat' dir='ltr'><strong>spiritu</strong></span> <span class='ocrx_word' id='word_1_281' title='bbox 2054 1418 2142 1458; x_wconf 92' lang='lat' dir='ltr'><strong>tuo</strong></span> <span class='ocrx_word' id='word_1_282' title='bbox 2159 1410 2184 1458; x_wconf 78' lang='lat'><strong>⁴?</strong></span> <span class='ocrx_word' id='word_1_283' title='bbox 2206 1413 2227 1431; x_wconf 86' lang='lat'>*</span> <span class='ocrx_word' id='word_1_284' title='bbox 2251 1419 2302 1460; x_wconf 89' lang='lat' dir='ltr'><strong>et</strong></span> <span class='ocrx_word' id='word_1_285' title='bbox 2336 1428 2436 1478; x_wconf 90' lang='lat' dir='ltr'><strong>quo</strong></span> 
     </span>
     <span class='ocr_line' id='line_1_65' title="bbox 1562 1468 2127 1542; baseline 0.005 -22"><span class='ocrx_word' id='word_1_286' title='bbox 1562 1487 1593 1520; x_wconf 88' lang='lat' dir='ltr'>a</span> <span class='ocrx_word' id='word_1_287' title='bbox 1623 1468 1753 1522; x_wconf 67' lang='lat' dir='ltr'><strong>faicie</strong></span> <span class='ocrx_word' id='word_1_288' title='bbox 1780 1482 1868 1522; x_wconf 85' lang='lat' dir='ltr'><strong>tua</strong></span> <span class='ocrx_word' id='word_1_289' title='bbox 1890 1471 2084 1542; x_wconf 76' lang='lat' dir='ltr'><strong>fugiam</strong></span> <span class='ocrx_word' id='word_1_290' title='bbox 2102 1475 2127 1523; x_wconf 61' lang='grc' dir='ltr'><strong>’Β</strong></span> 
     </span>
    </p>

    <p class='ocr_par' dir='ltr' id='par_1_15' title="bbox 1564 1538 2442 1918">
     <span class='ocr_line' id='line_1_66' title="bbox 1568 1538 2435 1602; baseline 0.007 -16"><span class='ocrx_word' id='word_1_291' title='bbox 1568 1538 1614 1586; x_wconf 91' lang='lat' dir='ltr'><strong>Si</strong></span> <span class='ocrx_word' id='word_1_292' title='bbox 1642 1539 1912 1588; x_wconf 74' lang='lat' dir='ltr'><strong>ascendero</strong></span> <span class='ocrx_word' id='word_1_293' title='bbox 1936 1540 1988 1588; x_wconf 93' lang='lat' dir='ltr'><strong>in</strong></span> <span class='ocrx_word' id='word_1_294' title='bbox 2012 1541 2193 1590; x_wconf 87' lang='lat' dir='ltr'><strong>coelum</strong></span> <span class='ocrx_word' id='word_1_295' title='bbox 2216 1581 2228 1602; x_wconf 88' lang='lat'>,</span> <span class='ocrx_word' id='word_1_296' title='bbox 2256 1552 2309 1592; x_wconf 90' lang='lat' dir='ltr'><strong>tu</strong></span> <span class='ocrx_word' id='word_1_297' title='bbox 2334 1542 2435 1592; x_wconf 82' lang='lat' dir='ltr'><strong>illic</strong></span> 
     </span>
     <span class='ocr_line' id='line_1_67' title="bbox 1564 1604 2440 1658; baseline 0.007 -6"><span class='ocrx_word' id='word_1_298' title='bbox 1564 1620 1616 1652; x_wconf 80' lang='lat' dir='ltr'><strong>es</strong></span> <span class='ocrx_word' id='word_1_299' title='bbox 1662 1623 1672 1652; x_wconf 90' lang='lat'>:</span> <span class='ocrx_word' id='word_1_300' title='bbox 1710 1607 1728 1625; x_wconf 86' lang='lat'><strong>*</strong></span> <span class='ocrx_word' id='word_1_301' title='bbox 1752 1606 1791 1654; x_wconf 89' lang='lat' dir='ltr'><strong>si</strong></span> <span class='ocrx_word' id='word_1_302' title='bbox 1832 1605 2137 1656; x_wconf 71' lang='lat' dir='ltr'><strong>descendero</strong></span> <span class='ocrx_word' id='word_1_303' title='bbox 2180 1609 2231 1656; x_wconf 91' lang='lat' dir='ltr'><strong>in</strong></span> <span class='ocrx_word' id='word_1_304' title='bbox 2278 1604 2440 1658; x_wconf 84' lang='lat' dir='ltr'><strong>infe&#39;r-</strong></span> 
     </span>
     <span class='ocr_line' id='line_1_68' title="bbox 1564 1671 2351 1731; baseline 0.008 -13"><span class='ocrx_word' id='word_1_305' title='bbox 1564 1685 1690 1718; x_wconf 88' lang='lat' dir='ltr'><strong>num</strong></span> <span class='ocrx_word' id='word_1_306' title='bbox 1717 1709 1730 1731; x_wconf 86' lang='lat'>,</span> <span class='ocrx_word' id='word_1_307' title='bbox 1762 1671 1897 1720; x_wconf 79' lang='lat' dir='ltr'><strong>ades,</strong></span> <span class='ocrx_word' id='word_1_308' title='bbox 2348 1703 2351 1706; x_wconf 41' lang='lat'><strong>⁴</strong></span> 
     </span>
     <span class='ocr_line' id='line_1_69' title="bbox 1571 1735 2440 1803; baseline 0.006 -19"><span class='ocrx_word' id='word_1_309' title='bbox 1571 1737 1617 1784; x_wconf 75' lang='lat' dir='ltr'><strong>Si</strong></span> <span class='ocrx_word' id='word_1_310' title='bbox 1651 1735 1908 1803; x_wconf 71' lang='lat' dir='ltr'><strong>sumpsero</strong></span> <span class='ocrx_word' id='word_1_311' title='bbox 1951 1753 2141 1803; x_wconf 82' lang='lat' dir='ltr'><strong>pennas</strong></span> <span class='ocrx_word' id='word_1_312' title='bbox 2186 1755 2322 1788; x_wconf 77' lang='lat' dir='ltr'><strong>meas</strong></span> <span class='ocrx_word' id='word_1_313' title='bbox 2357 1740 2440 1789; x_wconf 90' lang='lat' dir='ltr'><strong>di-</strong></span> 
     </span>
     <span class='ocr_line' id='line_1_70' title="bbox 1565 1800 2442 1863; baseline 0.006 -13"><span class='ocrx_word' id='word_1_314' title='bbox 1565 1800 1749 1863; x_wconf 80' lang='lat' dir='ltr'><strong>lucu10,</strong></span> <span class='ocrx_word' id='word_1_315' title='bbox 1787 1804 1806 1822; x_wconf 88' lang='lat'><strong>*</strong></span> <span class='ocrx_word' id='word_1_316' title='bbox 1847 1812 1899 1852; x_wconf 88' lang='lat' dir='ltr'><strong>et</strong></span> <span class='ocrx_word' id='word_1_317' title='bbox 1929 1801 2220 1854; x_wconf 68' lang='lat' dir='ltr'><strong>habitzivero</strong></span> <span class='ocrx_word' id='word_1_318' title='bbox 2261 1805 2314 1854; x_wconf 91' lang='lat' dir='ltr'><strong>in</strong></span> <span class='ocrx_word' id='word_1_319' title='bbox 2350 1822 2442 1855; x_wconf 83' lang='lat' dir='ltr'><strong>ex-</strong></span> 
     </span>
     <span class='ocr_line' id='line_1_71' title="bbox 1569 1866 1983 1918; baseline 0.005 -2"><span class='ocrx_word' id='word_1_320' title='bbox 1569 1866 1740 1917; x_wconf 72' lang='lat' dir='ltr'><strong>tremis</strong></span> <span class='ocrx_word' id='word_1_321' title='bbox 1779 1870 1932 1918; x_wconf 81' lang='lat' dir='ltr'><strong>maris</strong></span> <span class='ocrx_word' id='word_1_322' title='bbox 1972 1889 1983 1918; x_wconf 76' lang='lat' dir='ltr'><strong>e</strong></span> 
     </span>
    </p>
   </div>
   <div class='ocr_carea' id='block_1_12' title="bbox 1509 1935 2443 1988">
    <p class='ocr_par' dir='ltr' id='par_1_16' title="bbox 1509 1935 2443 1988">
     <span class='ocr_line' id='line_1_72' title="bbox 1509 1935 2443 1988; baseline 0.004 -4"><span class='ocrx_word' id='word_1_323' title='bbox 1509 1956 1519 1984; x_wconf 74' lang='grc' dir='ltr'>ε</span> <span class='ocrx_word' id='word_1_324' title='bbox 1573 1935 1768 1983; x_wconf 86' lang='lat' dir='ltr'><strong>Etenim</strong></span> <span class='ocrx_word' id='word_1_325' title='bbox 1806 1935 1923 1984; x_wconf 87' lang='lat' dir='ltr'><strong>illuc</strong></span> <span class='ocrx_word' id='word_1_326' title='bbox 1958 1952 2137 1985; x_wconf 82' lang='lat' dir='ltr'><strong>manus</strong></span> <span class='ocrx_word' id='word_1_327' title='bbox 2163 1945 2247 1986; x_wconf 86' lang='lat' dir='ltr'><strong>tua</strong></span> <span class='ocrx_word' id='word_1_328' title='bbox 2278 1936 2443 1988; x_wconf 77' lang='lat' dir='ltr'><strong>dedu-</strong></span> 
     </span>
    </p>
   </div>
   <div class='ocr_carea' id='block_1_13' title="bbox 1817 2002 1840 2022">
    <p class='ocr_par' dir='ltr' id='par_1_17' title="bbox 1817 2002 1840 2022">
     <span class='ocr_line' id='line_1_73' title="bbox 1817 2002 1840 2022; baseline 0 0"><span class='ocrx_word' id='word_1_329' title='bbox 1817 2002 1840 2022; x_wconf 51' lang='grc' dir='ltr'><em>ἡ</em></span> 
     </span>
    </p>
   </div>
   <div class='ocr_carea' id='block_1_14' title="bbox 1570 1998 2444 2054">
    <p class='ocr_par' dir='ltr' id='par_1_18' title="bbox 1570 1998 2444 2054">
     <span class='ocr_line' id='line_1_74' title="bbox 1570 1998 2444 2054; baseline 0.007 -6"><span class='ocrx_word' id='word_1_330' title='bbox 1570 2009 1650 2048; x_wconf 91' lang='lat' dir='ltr'><strong>cet</strong></span> <span class='ocrx_word' id='word_1_331' title='bbox 1675 2017 1756 2050; x_wconf 91' lang='lat' dir='ltr'><strong>me</strong></span> <span class='ocrx_word' id='word_1_332' title='bbox 1785 2020 1796 2049; x_wconf 81' lang='lat' dir='ltr'>z</span> <span class='ocrx_word' id='word_1_333' title='bbox 1873 2011 1927 2050; x_wconf 86' lang='lat' dir='ltr'><strong>et</strong></span> <span class='ocrx_word' id='word_1_334' title='bbox 1948 1998 2139 2052; x_wconf 82' lang='lat' dir='ltr'><strong>tene&#39;bit</strong></span> <span class='ocrx_word' id='word_1_335' title='bbox 2160 2019 2243 2053; x_wconf 88' lang='lat' dir='ltr'><strong>me</strong></span> <span class='ocrx_word' id='word_1_336' title='bbox 2265 2004 2444 2054; x_wconf 72' lang='lat' dir='ltr'><strong>dexte-</strong></span> 
     </span>
    </p>
   </div>
   <div class='ocr_carea' id='block_1_15' title="bbox 1571 2076 2452 3638">
    <p class='ocr_par' dir='ltr' id='par_1_19' title="bbox 1571 2076 2450 2992">
     <span class='ocr_line' id='line_1_75' title="bbox 1572 2076 1764 2116; baseline 0.005 -2"><span class='ocrx_word' id='word_1_337' title='bbox 1572 2082 1629 2115; x_wconf 83' lang='lat' dir='ltr'><strong>ra</strong></span> <span class='ocrx_word' id='word_1_338' title='bbox 1662 2076 1764 2116; x_wconf 85' lang='lat' dir='ltr'><strong>tua.</strong></span> 
     </span>
     <span class='ocr_line' id='line_1_76' title="bbox 1574 2132 2445 2186; baseline 0.007 -6"><span class='ocrx_word' id='word_1_339' title='bbox 1574 2135 1637 2181; x_wconf 85' lang='lat' dir='ltr'><strong>Et</strong></span> <span class='ocrx_word' id='word_1_340' title='bbox 1657 2132 1758 2181; x_wconf 82' lang='lat' dir='ltr'><strong>dixi</strong></span> <span class='ocrx_word' id='word_1_341' title='bbox 1784 2152 1794 2181; x_wconf 73' lang='grc' dir='ltr'><strong><em>ε</em></strong></span> <span class='ocrx_word' id='word_1_342' title='bbox 1823 2132 2045 2183; x_wconf 73' lang='lat' dir='ltr'><strong>Forsitan</strong></span> <span class='ocrx_word' id='word_1_343' title='bbox 2071 2134 2286 2185; x_wconf 83' lang='lat' dir='ltr'><strong>te&#39;nebrae</strong></span> <span class='ocrx_word' id='word_1_344' title='bbox 2318 2152 2445 2186; x_wconf 91' lang='lat' dir='ltr'><strong>con-</strong></span> 
     </span>
     <span class='ocr_line' id='line_1_77' title="bbox 1571 2195 2445 2252; baseline 0.006 -5"><span class='ocrx_word' id='word_1_345' title='bbox 1571 2195 1843 2248; x_wconf 70' lang='lat' dir='ltr'><strong>culcaeibunt</strong></span> <span class='ocrx_word' id='word_1_346' title='bbox 1863 2217 1944 2249; x_wconf 90' lang='lat' dir='ltr'><strong>me</strong></span> <span class='ocrx_word' id='word_1_347' title='bbox 1974 2220 1984 2249; x_wconf 71' lang='grc' dir='ltr'><strong><em>ε</em></strong></span> <span class='ocrx_word' id='word_1_348' title='bbox 2012 2203 2032 2221; x_wconf 87' lang='lat'>*</span> <span class='ocrx_word' id='word_1_349' title='bbox 2057 2210 2109 2249; x_wconf 88' lang='lat' dir='ltr'><strong>et</strong></span> <span class='ocrx_word' id='word_1_350' title='bbox 2130 2218 2230 2251; x_wconf 85' lang='lat' dir='ltr'><strong>nox</strong></span> <span class='ocrx_word' id='word_1_351' title='bbox 2253 2202 2445 2252; x_wconf 90' lang='lat' dir='ltr'><strong>illumi-</strong></span> 
     </span>
     <span class='ocr_line' id='line_1_78' title="bbox 1571 2265 2305 2325; baseline 0.007 -13"><span class='ocrx_word' id='word_1_352' title='bbox 1571 2265 1709 2313; x_wconf 65' lang='lat' dir='ltr'><strong>nitio</strong></span> <span class='ocrx_word' id='word_1_353' title='bbox 1740 2282 1854 2315; x_wconf 86' lang='lat' dir='ltr'><strong>mea</strong></span> <span class='ocrx_word' id='word_1_354' title='bbox 1881 2267 1933 2315; x_wconf 91' lang='lat' dir='ltr'><strong>in</strong></span> <span class='ocrx_word' id='word_1_355' title='bbox 1952 2266 2141 2325; x_wconf 83' lang='lat' dir='ltr'><strong>deliciis</strong></span> <span class='ocrx_word' id='word_1_356' title='bbox 2163 2268 2305 2317; x_wconf 88' lang='lat' dir='ltr'><strong>meis.</strong></span> 
     </span>
     <span class='ocr_line' id='line_1_79' title="bbox 1576 2331 2446 2394; baseline 0.006 -15"><span class='ocrx_word' id='word_1_357' title='bbox 1576 2332 1706 2394; x_wconf 76' lang='lat' dir='ltr'><strong>Quia</strong></span> <span class='ocrx_word' id='word_1_358' title='bbox 1729 2331 1945 2382; x_wconf 76' lang='lat' dir='ltr'><strong>tenebrae</strong></span> <span class='ocrx_word' id='word_1_359' title='bbox 1974 2349 2074 2381; x_wconf 90' lang='lat' dir='ltr'><strong>non</strong></span> <span class='ocrx_word' id='word_1_360' title='bbox 2098 2332 2446 2384; x_wconf 74' lang='lat' dir='ltr'><strong>obscurabun-</strong></span> 
     </span>
     <span class='ocr_line' id='line_1_80' title="bbox 1572 2400 2446 2458; baseline 0.006 -13"><span class='ocrx_word' id='word_1_361' title='bbox 1572 2406 1654 2445; x_wconf 89' lang='lat' dir='ltr'><strong>tur</strong></span> <span class='ocrx_word' id='word_1_362' title='bbox 1677 2414 1706 2445; x_wconf 84' lang='lat' dir='ltr'>a</span> <span class='ocrx_word' id='word_1_363' title='bbox 1732 2408 1802 2458; x_wconf 87' lang='lat' dir='ltr'><strong>te,</strong></span> <span class='ocrx_word' id='word_1_364' title='bbox 1831 2408 1882 2447; x_wconf 88' lang='lat' dir='ltr'><strong>et</strong></span> <span class='ocrx_word' id='word_1_365' title='bbox 1909 2416 2008 2447; x_wconf 86' lang='lat' dir='ltr'><strong>nox</strong></span> <span class='ocrx_word' id='word_1_366' title='bbox 2047 2400 2177 2448; x_wconf 88' lang='lat' dir='ltr'><strong>sicut</strong></span> <span class='ocrx_word' id='word_1_367' title='bbox 2199 2400 2304 2449; x_wconf 90' lang='lat' dir='ltr'><strong>dies</strong></span> <span class='ocrx_word' id='word_1_368' title='bbox 2326 2401 2446 2450; x_wconf 88' lang='lat' dir='ltr'><strong>illu-</strong></span> 
     </span>
     <span class='ocr_line' id='line_1_81' title="bbox 1571 2461 2441 2533; baseline 0.006 -22"><span class='ocrx_word' id='word_1_369' title='bbox 1571 2461 1874 2512; x_wconf 73' lang='lat' dir='ltr'><strong>minz-ibitur:</strong></span> <span class='ocrx_word' id='word_1_370' title='bbox 1897 2466 1915 2483; x_wconf 84' lang='lat'><strong>&#39;¹</strong></span> <span class='ocrx_word' id='word_1_371' title='bbox 1934 2465 2060 2514; x_wconf 87' lang='lat' dir='ltr'><strong>sicut</strong></span> <span class='ocrx_word' id='word_1_372' title='bbox 2084 2464 2301 2515; x_wconf 72' lang='lat' dir='ltr'><strong>tenebrae</strong></span> <span class='ocrx_word' id='word_1_373' title='bbox 2320 2468 2441 2533; x_wconf 87' lang='lat' dir='ltr'><strong>ejus,</strong></span> 
     </span>
     <span class='ocr_line' id='line_1_82' title="bbox 1573 2530 2077 2596; baseline 0.004 -19"><span class='ocrx_word' id='word_1_374' title='bbox 1573 2530 1642 2578; x_wconf 88' lang='lat' dir='ltr'><strong>ita</strong></span> <span class='ocrx_word' id='word_1_375' title='bbox 1673 2539 1724 2578; x_wconf 90' lang='lat' dir='ltr'><strong>et</strong></span> <span class='ocrx_word' id='word_1_376' title='bbox 1746 2530 1913 2579; x_wconf 90' lang='lat' dir='ltr'><strong>lumen</strong></span> <span class='ocrx_word' id='word_1_377' title='bbox 1956 2530 2077 2596; x_wconf 87' lang='lat' dir='ltr'><strong>ejus.</strong></span> 
     </span>
     <span class='ocr_line' id='line_1_83' title="bbox 1576 2596 2442 2662; baseline 0.005 -19"><span class='ocrx_word' id='word_1_378' title='bbox 1576 2596 1703 2659; x_wconf 79' lang='lat' dir='ltr'><strong>Quia</strong></span> <span class='ocrx_word' id='word_1_379' title='bbox 1728 2605 1782 2645; x_wconf 88' lang='lat' dir='ltr'><strong>tu</strong></span> <span class='ocrx_word' id='word_1_380' title='bbox 1807 2596 2062 2662; x_wconf 88' lang='lat' dir='ltr'><strong>possedisti</strong></span> <span class='ocrx_word' id='word_1_381' title='bbox 2087 2614 2230 2647; x_wconf 89' lang='lat' dir='ltr'><strong>renes</strong></span> <span class='ocrx_word' id='word_1_382' title='bbox 2263 2614 2403 2647; x_wconf 92' lang='lat' dir='ltr'><strong>meos</strong></span> <span class='ocrx_word' id='word_1_383' title='bbox 2432 2620 2442 2647; x_wconf 93' lang='lat'>:</span> 
     </span>
     <span class='ocr_line' id='line_1_84' title="bbox 1573 2662 2449 2727; baseline 0.007 -18"><span class='ocrx_word' id='word_1_384' title='bbox 1573 2662 1591 2680; x_wconf 81' lang='lat'><strong>*</strong></span> <span class='ocrx_word' id='word_1_385' title='bbox 1631 2663 1884 2727; x_wconf 86' lang='lat' dir='ltr'><strong>suscepisti</strong></span> <span class='ocrx_word' id='word_1_386' title='bbox 1926 2680 2008 2711; x_wconf 89' lang='lat' dir='ltr'><strong>me</strong></span> <span class='ocrx_word' id='word_1_387' title='bbox 2041 2664 2104 2712; x_wconf 84' lang='lat' dir='ltr'><strong>de</strong></span> <span class='ocrx_word' id='word_1_388' title='bbox 2143 2664 2288 2713; x_wconf 77' lang='lat' dir='ltr'><strong>utero</strong></span> <span class='ocrx_word' id='word_1_389' title='bbox 2334 2682 2449 2715; x_wconf 85' lang='lat' dir='ltr'><strong>ma-</strong></span> 
     </span>
     <span class='ocr_line' id='line_1_85' title="bbox 1575 2728 1840 2777; baseline 0 -2"><span class='ocrx_word' id='word_1_390' title='bbox 1575 2728 1661 2775; x_wconf 86' lang='lat' dir='ltr'><strong>tris</strong></span> <span class='ocrx_word' id='word_1_391' title='bbox 1701 2744 1840 2777; x_wconf 85' lang='lat' dir='ltr'><strong>meae.</strong></span> 
     </span>
     <span class='ocr_line' id='line_1_86' title="bbox 1577 2794 2450 2861; baseline 0.002 -18"><span class='ocrx_word' id='word_1_392' title='bbox 1577 2794 1865 2843; x_wconf 75' lang='lat' dir='ltr'><strong>Confitebor</strong></span> <span class='ocrx_word' id='word_1_393' title='bbox 1899 2794 1988 2843; x_wconf 91' lang='lat' dir='ltr'><strong>tibi</strong></span> <span class='ocrx_word' id='word_1_394' title='bbox 2018 2796 2137 2861; x_wconf 85' lang='lat' dir='ltr'><strong>quia</strong></span> <span class='ocrx_word' id='word_1_395' title='bbox 2161 2795 2450 2845; x_wconf 80' lang='lat' dir='ltr'><strong>terribiliter</strong></span> 
     </span>
     <span class='ocr_line' id='line_1_87' title="bbox 1576 2856 2449 2926; baseline 0.005 -19"><span class='ocrx_word' id='word_1_396' title='bbox 1576 2856 1927 2926; x_wconf 69' lang='lat' dir='ltr'><strong>magnificzitus</strong></span> <span class='ocrx_word' id='word_1_397' title='bbox 1972 2877 2024 2910; x_wconf 90' lang='lat' dir='ltr'><strong>es</strong></span> <span class='ocrx_word' id='word_1_398' title='bbox 2076 2881 2085 2909; x_wconf 90' lang='lat'><strong>:</strong></span> <span class='ocrx_word' id='word_1_399' title='bbox 2133 2862 2153 2882; x_wconf 88' lang='lat'><strong>*</strong></span> <span class='ocrx_word' id='word_1_400' title='bbox 2198 2862 2449 2911; x_wconf 81' lang='lat' dir='ltr'><strong>mirabilia</strong></span> 
     </span>
     <span class='ocr_line' id='line_1_88' title="bbox 1575 2923 2448 2992; baseline 0.005 -19"><span class='ocrx_word' id='word_1_401' title='bbox 1575 2928 1726 2992; x_wconf 82' lang='lat' dir='ltr'><strong>opera</strong></span> <span class='ocrx_word' id='word_1_402' title='bbox 1750 2936 1869 2986; x_wconf 87' lang='lat' dir='ltr'><strong>tua,</strong></span> <span class='ocrx_word' id='word_1_403' title='bbox 1915 2936 1967 2975; x_wconf 85' lang='lat' dir='ltr'><strong>et</strong></span> <span class='ocrx_word' id='word_1_404' title='bbox 1996 2923 2167 2976; x_wconf 65' lang='lat' dir='ltr'><strong>dnima</strong></span> <span class='ocrx_word' id='word_1_405' title='bbox 2212 2944 2326 2977; x_wconf 83' lang='lat' dir='ltr'><strong>mea</strong></span> <span class='ocrx_word' id='word_1_406' title='bbox 2368 2945 2448 2977; x_wconf 90' lang='lat' dir='ltr'><strong>co-</strong></span> 
     </span>
    </p>

    <p class='ocr_par' dir='ltr' id='par_1_20' title="bbox 1573 2991 2452 3584">
     <span class='ocr_line' id='line_1_89' title="bbox 1609 2991 1957 3042; baseline 0.003 -2"><span class='ocrx_word' id='word_1_407' title='bbox 1609 2991 1767 3042; x_wconf 69' lang='lat' dir='ltr'><strong>noscit</strong></span> <span class='ocrx_word' id='word_1_408' title='bbox 1791 2994 1957 3042; x_wconf 90' lang='lat' dir='ltr'><strong>nimis.</strong></span> 
     </span>
     <span class='ocr_line' id='line_1_90' title="bbox 1573 3010 2445 3110; baseline 0 -1"><span class='ocrx_word' id='word_1_409' title='bbox 1573 3010 1684 3109; x_wconf 51' lang='lat' dir='ltr'><strong>{on</strong></span> <span class='ocrx_word' id='word_1_410' title='bbox 1719 3068 1794 3108; x_wconf 89' lang='lat' dir='ltr'><strong>est</strong></span> <span class='ocrx_word' id='word_1_411' title='bbox 1831 3056 2137 3108; x_wconf 66' lang='lat' dir='ltr'><strong>occulta&#39;ttum</strong></span> <span class='ocrx_word' id='word_1_412' title='bbox 2178 3076 2232 3108; x_wconf 94' lang='lat' dir='ltr'><strong>os</strong></span> <span class='ocrx_word' id='word_1_413' title='bbox 2275 3076 2445 3110; x_wconf 88' lang='lat' dir='ltr'><strong>meum</strong></span> 
     </span>
     <span class='ocr_line' id='line_1_91' title="bbox 1573 3125 2447 3190; baseline 0.001 -16"><span class='ocrx_word' id='word_1_414' title='bbox 1573 3142 1602 3174; x_wconf 83' lang='lat' dir='ltr'>a</span> <span class='ocrx_word' id='word_1_415' title='bbox 1629 3135 1700 3184; x_wconf 83' lang='lat' dir='ltr'><strong>te,</strong></span> <span class='ocrx_word' id='word_1_416' title='bbox 1729 3125 1864 3190; x_wconf 87' lang='lat' dir='ltr'><strong>quod</strong></span> <span class='ocrx_word' id='word_1_417' title='bbox 1889 3125 2051 3174; x_wconf 84' lang='lat' dir='ltr'><strong>fecisti</strong></span> <span class='ocrx_word' id='word_1_418' title='bbox 2078 3126 2129 3172; x_wconf 91' lang='lat' dir='ltr'><strong>in</strong></span> <span class='ocrx_word' id='word_1_419' title='bbox 2164 3126 2358 3175; x_wconf 77' lang='lat' dir='ltr'><strong>occulto</strong></span> <span class='ocrx_word' id='word_1_420' title='bbox 2390 3146 2400 3174; x_wconf 88' lang='lat'>:</span> <span class='ocrx_word' id='word_1_421' title='bbox 2428 3130 2447 3147; x_wconf 73' lang='lat'><strong>¹*</strong></span> 
     </span>
     <span class='ocr_line' id='line_1_92' title="bbox 1573 3187 2450 3241; baseline 0 -1"><span class='ocrx_word' id='word_1_422' title='bbox 1573 3201 1624 3240; x_wconf 88' lang='lat' dir='ltr'><strong>et</strong></span> <span class='ocrx_word' id='word_1_423' title='bbox 1645 3187 1921 3240; x_wconf 62' lang='lat' dir='ltr'><strong>substzintia</strong></span> <span class='ocrx_word' id='word_1_424' title='bbox 1956 3208 2069 3240; x_wconf 81' lang='lat' dir='ltr'><strong>mea</strong></span> <span class='ocrx_word' id='word_1_425' title='bbox 2103 3191 2155 3240; x_wconf 92' lang='lat' dir='ltr'><strong>in</strong></span> <span class='ocrx_word' id='word_1_426' title='bbox 2194 3191 2450 3241; x_wconf 70' lang='lat' dir='ltr'><strong>inferiori-</strong></span> 
     </span>
     <span class='ocr_line' id='line_1_93' title="bbox 1573 3257 1860 3306; baseline 0 0"><span class='ocrx_word' id='word_1_427' title='bbox 1573 3257 1667 3306; x_wconf 91' lang='lat' dir='ltr'><strong>bus</strong></span> <span class='ocrx_word' id='word_1_428' title='bbox 1702 3267 1860 3306; x_wconf 87' lang='lat' dir='ltr'><strong>terrae.</strong></span> 
     </span>
     <span class='ocr_line' id='line_1_94' title="bbox 1579 3323 2452 3390; baseline 0.001 -17"><span class='ocrx_word' id='word_1_429' title='bbox 1579 3324 1929 3390; x_wconf 73' lang='lat' dir='ltr'><strong>Imperfectum</strong></span> <span class='ocrx_word' id='word_1_430' title='bbox 1986 3340 2156 3372; x_wconf 90' lang='lat' dir='ltr'><strong>meum</strong></span> <span class='ocrx_word' id='word_1_431' title='bbox 2216 3323 2452 3374; x_wconf 71' lang='lat' dir='ltr'><strong>viderunt</strong></span> 
     </span>
     <span class='ocr_line' id='line_1_95' title="bbox 1575 3388 2452 3452; baseline 0 -12"><span class='ocrx_word' id='word_1_432' title='bbox 1575 3389 1704 3440; x_wconf 71' lang='lat' dir='ltr'><strong>oculi</strong></span> <span class='ocrx_word' id='word_1_433' title='bbox 1740 3391 1848 3452; x_wconf 90' lang='lat' dir='ltr'><strong>tui,</strong></span> <span class='ocrx_word' id='word_1_434' title='bbox 1895 3399 1947 3440; x_wconf 86' lang='lat' dir='ltr'><strong>et</strong></span> <span class='ocrx_word' id='word_1_435' title='bbox 1979 3390 2032 3438; x_wconf 89' lang='lat' dir='ltr'><strong>in</strong></span> <span class='ocrx_word' id='word_1_436' title='bbox 2065 3388 2193 3438; x_wconf 90' lang='lat' dir='ltr'><strong>libro</strong></span> <span class='ocrx_word' id='word_1_437' title='bbox 2218 3399 2305 3440; x_wconf 88' lang='lat' dir='ltr'><strong>tuo</strong></span> <span class='ocrx_word' id='word_1_438' title='bbox 2338 3407 2452 3440; x_wconf 91' lang='lat' dir='ltr'><strong>om—</strong></span> 
     </span>
     <span class='ocr_line' id='line_1_96' title="bbox 2057 3455 2450 3508; baseline 0.01 -5"><span class='ocrx_word' id='word_1_439' title='bbox 2057 3456 2076 3475; x_wconf 79' lang='lat'>*</span> <span class='ocrx_word' id='word_1_440' title='bbox 2115 3455 2220 3505; x_wconf 85' lang='lat' dir='ltr'><strong>dies</strong></span> <span class='ocrx_word' id='word_1_441' title='bbox 2263 3457 2450 3508; x_wconf 84' lang='lat' dir='ltr'><strong>forma·</strong></span> 
     </span>
     <span class='ocr_line' id='line_1_97' title="bbox 1579 3521 2249 3584; baseline 0.001 -13"><span class='ocrx_word' id='word_1_442' title='bbox 1579 3521 1796 3584; x_wconf 77' lang='lat' dir='ltr'><strong>buntur,</strong></span> <span class='ocrx_word' id='word_1_443' title='bbox 1824 3531 1875 3571; x_wconf 90' lang='lat' dir='ltr'><strong>et</strong></span> <span class='ocrx_word' id='word_1_444' title='bbox 1897 3538 2046 3572; x_wconf 87' lang='lat' dir='ltr'><strong>nemo</strong></span> <span class='ocrx_word' id='word_1_445' title='bbox 2087 3522 2139 3570; x_wconf 91' lang='lat' dir='ltr'><strong>in</strong></span> <span class='ocrx_word' id='word_1_446' title='bbox 2164 3523 2249 3572; x_wconf 88' lang='lat' dir='ltr'><strong>eis.</strong></span> 
     </span>
    </p>

    <p class='ocr_par' dir='ltr' id='par_1_21' title="bbox 2128 3606 2154 3638">
     <span class='ocr_line' id='line_1_98' title="bbox 2128 3606 2154 3638; baseline 0 0"><span class='ocrx_word' id='word_1_447' title='bbox 2128 3606 2154 3638; x_wconf 79' lang='grc' dir='ltr'><strong>ιι</strong></span> 
     </span>
    </p>
   </div>
  </div>
 </body>
</html>
