3062 4145
648 465 778 532 lxxvj
972 468 1246 515 Commune
1269 465 1539 515 Abbatum.
1570 466 1687 514 Aliae
1711 466 1851 514 Lect.
1899 465 1970 529 iij.
2007 464 2154 512 Noct.

929 560 1096 609 Lectio
1119 559 1220 624 viij.
1543 557 1641 608 'De
1679 557 1899 607 Humilia
1935 555 2238 606 venerabilis
2274 558 2409 617 Βεὼρ,

769 642 910 674 Aemus
952 641 1057 675 esse
1098 624 1210 673 vis?
1242 640 1273 673 a
1307 622 1522 672 minimo
1848 624 2158 690 Presbyteri.

643 638 769 755 Μ
787 691 966 757 incipe.
1020 690 1222 766 Cogitas
1279 705 1520 766 magnam
1731 694 1794 738 In
1815 690 1994 739 Natali
2012 693 2068 738 S.
2096 689 2275 737 Bened.

650 757 891 807 fabricam
942 766 1230 806 construere
1275 755 1522 805 celsitudi-
1680 773 1740 805 uo
1767 766 1886 805 sunt
1915 756 2123 805 ordines
2172 756 2397 807 electorum

653 824 758 872 nis?
804 824 867 872 de
912 822 1242 871 fundamento
1275 822 1411 888 prius
1433 822 1524 871 co-
1568 764 1674 877 D
1693 822 1745 870 in
1764 822 1957 887 judicio
1983 822 2146 871 futuri
2176 841 2189 869 :
2216 824 2392 888 unusju-

646 891 751 957 gita
795 889 1110 938 humilitatis.
1162 889 1227 937 Et
1278 897 1522 953 quantam
1568 886 1844 937 dicantium
1867 905 1985 937 cum
2007 888 2242 948 Domino,
2260 888 2387 955 ‹lequi-

648 957 856 1022 quisque
879 955 987 1004 vult
1009 965 1061 1004 et
1092 954 1314 1019 disponit
1346 970 1525 1019 super·
1568 953 1662 1002 bus
1680 954 1778 1004 hoe
1801 954 1911 1004 loco
1935 956 2191 1004 memorat
2208 993 2220 1015 ,
2244 956 2315 1020 qui
2338 972 2381 1005 re·

648 1023 907 1087 imponere
925 1022 1108 1070 molem
1128 1018 1353 1081 aedificii,
1374 1036 1525 1085 quan·
1568 1017 1826 1085 liquerunt
1857 1021 2032 1070 omnia
2066 1030 2118 1070 et
2150 1022 2377 1071 secutisunt

652 1099 701 1137 to
728 1088 823 1137 erit
846 1088 1006 1151 majus
1044 1085 1315 1135 aedificium
1337 1124 1348 1146 ‚
1383 1095 1524 1135 tanto
1569 1086 1712 1139 illurn
1735 1104 1750 1148 ;
1794 1084 1921 1136 alius
1970 1086 2331 1153 judicandorum
2354 1104 2371 1136 ι

650 1155 797 1203 altius
848 1153 976 1202 fodit
1008 1152 1412 1202 fundamentum.
1461 1153 1527 1201 Et
1569 1153 1811 1216 Domino,
1851 1154 1938 1218 qui
1978 1171 2087 1203 non
2108 1152 2294 1218 quidem
2310 1153 2368 1202 ‹im-

649 1220 846 1269 fabrica
876 1219 1082 1285 quidem
1124 1235 1241 1267 cum
1282 1219 1525 1268 construi·
1570 1220 1654 1268 nia
1675 1237 1764 1268 sua
1783 1220 1973 1285 pariter
1995 1217 2366 1285 reliquerunt,oed

654 1296 750 1347 tur,
778 1287 830 1334 in
853 1285 1068 1350 superna
1098 1284 1357 1351 consurgit
1399 1303 1411 1333 z
1439 1285 1525 1350 qui
1570 1285 1633 1334 de
1657 1285 1734 1334 his
1768 1295 1961 1344 tamen,
1998 1303 2111 1351 quae
2152 1285 2363 1344 habebant,

652 1361 820 1401 autem
851 1351 978 1400 fodit
1017 1350 1433 1411 fundamentum,
1461 1349 1525 1399 ad
1571 1351 1886 1416 quotidianas
1926 1351 2049 1401 dare
2107 1352 2365 1417 eleemosynas

652 1419 753 1466 ima
778 1417 1093 1484 deprimitur.
1132 1417 1268 1482 Ergo
1299 1426 1350 1466 et
1371 1416 1525 1466 fabri·
1572 1417 1754 1467 Christi
1789 1417 2095 1484 pauperibus
2141 1418 2362 1468 curabant:

649 1501 709 1533 ca
758 1493 875 1532 ante
922 1481 1271 1532 celsitudinem
1295 1482 1525 1532 humilia·
1571 1484 1706 1532 unde
1729 1493 1781 1533 et
1818 1484 2040 1533 audituri
2079 1495 2195 1534 sunt
2227 1485 2268 1533 in
2292 1481 2365 1548 Μ-

654 1560 757 1610 tur,
796 1559 847 1599 et
868 1549 1127 1616 fastigium
1162 1559 1274 1614 post
1296 1549 1525 1598 humilia·
1571 1551 1648 1598 cio
1701 1569 1712 1599 :
1756 1551 1963 1611 Venite,
1990 1549 2236 1600 benedicti
2268 1549 2365 1599 Patris

653 1617 841 1665 tionem
868 1616 1091 1683 erigitur.
1572 1617 1697 1676 mei,
1720 1616 1965 1682 possidete
2005 1618 2362 1682 praeparatumw

642 1697 695 1754 Β),
733 1683 845 1731 Sint
864 1682 1041 1731 lumbi.
1076 1682 1176 1730 lxx.
1572 1681 1868 1749 bisi-egnum
1887 1683 2271 1732 aconstitutione
2282 1697 2364 1729 mun·

962 1754 1130 1802 Lectio
1155 1755 1220 1800 ix.
1573 1748 1641 1796 di.
1688 1748 1881 1797 Esurivi
1928 1750 2089 1810 enim,
2137 1759 2187 1798 et
2233 1747 2365 1796 dedisti

648 1828 753 1972 Q
769 1831 858 1864 uon
878 1823 953 1863 est
968 1812 1225 1881 fastigium
1242 1809 1528 1862 construen-
1572 1813 1698 1862 mihi
1732 1815 2043 1864 manduc-‘ire
2071 1833 2083 1862 ε
2110 1814 2250 1874 sitivi,
2269 1811 2363 1862 etde

774 1881 849 1929 dae
866 1880 1246 1946 fabricae‚quam
1266 1878 1528 1928 molimur?
1571 1879 1710 1929 distis
1736 1881 1861 1929 mihi
1894 1880 2086 1930 bibere.

785 1964 884 2013 quo
931 1947 1287 2012 perventurum
1330 1954 1406 1994 est
1449 1960 1527 1992 ea·
1565 1957 1614 2014 n).
1648 1948 1744 1996 Iste
1781 1947 1961 2013 estqui
1993 1957 2128 1996 ante.
2156 1947 2260 1996 lxix.

654 2014 835 2062 cumen
874 2012 1119 2062 aedificii?
1150 2013 1259 2060 Cito
1278 2010 1416 2068 dico,
1448 2026 1526 2058 us·
1860 2016 2030 2063 Lectio
2054 2017 2155 2079 viij.

652 2096 749 2144 que
772 2080 834 2128 ad
860 2080 1184 2144 conspectum
1202 2078 1311 2127 Dei.
1336 2072 1526 2127 Videtis
1609 2090 1632 2123 Ἰ
1645 2096 1704 2127 nn
1723 2088 1774 2128 et
1791 2078 2126 2144 reproborum
2143 2075 2361 2127 duosibiiu»

652 2162 804 2209 quam
830 2144 1079 2194 excelsum
1104 2154 1201 2205 est,
1235 2152 1426 2209 quanta
1448 2159 1525 2191 res
1565 2162 1599 2202 μ
1669 2146 1806 2193 turos
1830 2144 2032 2193 ordines
2051 2184 2063 2207 ‚
2090 2146 2283 2194 Domino
2299 2158 2359 2190 nar

649 2219 725 2259 est
748 2210 1039 2276 conspicere
1062 2212 1243 2259 Deum.
1273 2210 1369 2272 Qui
1396 2208 1521 2257 desi·
1570 2207 1711 2260 rzinte
1727 2250 1738 2272 ‚
1766 2211 2104 2277 comperimus
2132 2230 2144 2259 :
2170 2226 2297 2259 unum
2314 2207 2358 2255 οό-

650 2277 817 2337 derat‚
857 2286 908 2327 et
933 2276 1069 2342 quod
1094 2277 1206 2325 dico
1230 2315 1240 2335 ,
1292 2284 1344 2325 et
1388 2275 1523 2341 quod
1569 2294 1707 2337 rum,
1751 2278 1837 2342 qui
1877 2276 2000 2325 fidei
2034 2274 2289 2327 christianae
2304 2288 2356 2336 my,-

650 2342 814 2403 audit,
881 2343 1128 2409 intelligit.
1207 2340 1524 2390 Promittitur
1567 2344 1727 2392 steriis
1750 2344 1959 2403 initiati,
1988 2344 2144 2409 opera
2159 2343 2263 2391 fidei
2281 2354 2356 2389 exer·
2410 2367 2411 2378 ι

650 2408 793 2457 nobis
815 2410 1109 2475 conspectus
1139 2408 1255 2466 Dei,
1277 2408 1381 2455 veri
1402 2407 1518 2467 Dei,
1568 2406 1680 2458 cere
1697 2410 2056 2467 contemnunt,
2084 2409 2250 2477 quibus
2264 2408 2300 2455 in
2316 2406 2354 2469 ju-

646 2475 830 2524 summi
875 2476 982 2524 Dei.
1034 2476 1137 2523 Hoc
1172 2474 1308 2523 enim
1334 2472 1524 2522 bonum
1568 2474 1698 2524 dicio
1737 2476 1948 2525 testatur
1975 2495 1986 2524 :
2018 2476 2352 2525 Discediteamm

648 2551 750 2601 est,
777 2541 1031 2591 vide'ntem
1068 2540 1254 2590 videre.
1283 2540 1412 2588 Nam
1437 2540 1522 2604 qui
1569 2542 1845 2601 maledicti,
1879 2541 1933 2589 in
1967 2543 2137 2610 ignem
2160 2538 2351 2591 aeternum.

648 2608 821 2656 colunt
864 2608 1018 2656 falsos
1058 2607 1204 2666 deos,
1231 2602 1382 2655 facile
1413 2605 1522 2654 illos
1567 2608 1653 2672 qui
1688 2605 1995 2673 praeparatus
2025 2618 2101 2657 est
2131 2605 2353 2657 diabolo.d
2409 2634 2411 2644 ι

647 2673 850 2722 vident:
878 2674 965 2722 sed
983 2691 1069 2723 eos
1084 2672 1273 2729 vident,
1297 2672 1382 2737 qui
1408 2672 1521 2719 ocu·
1567 2674 1758 2741 angelis
1793 2674 1899 2739 ejus
1930 2693 1941 2721 ε
1969 2676 2149 2723 esurivi
2179 2673 2352 2743 enimn&
2405 2690 2411 2716 s

648 2740 720 2787 los
744 2738 966 2801 habent,
1011 2749 1062 2789 et
1085 2756 1187 2788 non
1213 2738 1402 2787 vident.
1426 2738 1521 2787 No·
1567 2756 1670 2789 non
1701 2740 1905 2789 dedistis
1954 2741 2078 2789 mihi
2119 2738 2349 2789 manducata

646 2804 721 2853 bis
743 2814 913 2854 autem
937 2805 1248 2872 promittitur
1282 2803 1407 2852 visio
1431 2804 1522 2853 Dei
1567 2806 1793 2855 Alterum
1833 2808 2010 2855 eorum
2037 2846 2048 2867 ‚
2087 2807 2168 2872 qui
2200 2803 2310 2852 fidem
2328 2803 2351 2844 el

646 2872 853 2920 viventis
877 2882 928 2921 et
952 2872 1183 2921 videntis.
1568 2873 1804 2937 mysteria
1827 2872 2013 2921 Christi
2048 2874 2124 2921 vel
2164 2876 2349 2932 numqui¹¹

643 2948 723 2993 Te
745 2939 906 2986 Deum
946 2938 1226 2987 laudamus.
1257 2938 1335 2984 14.
1567 2938 1848 3004 suscepere,
1905 2938 1985 2986 vel
2035 2933 2279 3003 susceptam
2305 2942 2349 3002 P?

814 3015 860 3059 3,
905 3003 1050 3052 ALIA
1083 3000 1346 3052 110M1L1A
1567 3004 1866 3070 apostasiam
1910 3004 2173 3053 deseruere
2198 3001 2271 3051 :de
2287 3011 2348 3062 qm·
2410 3044 2411 3047 ,

868 3094 964 3147 pro
989 3076 1282 3125 Abbatibus.
1567 3070 1661 3119 bus
1695 3070 1817 3119 dicit
1845 3090 1856 3118 ε
1885 3071 1982 3133 Qui
2004 3080 2169 3120 autem
2205 3081 2281 3116 non
2295 3073 2347 3110 cre·
2401 3083 2411 3112 e

744 3137 912 3190 Lectio
956 3137 1116 3186 sancti
1158 3137 1419 3204 Evangelii
1566 3135 1790 3200 dit‚jam
1802 3133 2059 3202 judicatus
2080 3132 2346 3199 esuquianq
2407 3150 2411 3154 ·

781 3203 1056 3252 secundum
1075 3202 1384 3251 Matthaeum.
1567 3203 1729 3252 credit
1750 3204 1802 3252 in
1820 3203 2029 3252 nomine
2071 3197 2276 3269 unige'niti
2289 3190 2346 3242 ΠΙ

776 3277 943 3324 Lectio
983 3276 1063 3338 vij.
1097 3271 1217 3335 Cap.
1248 3271 1326 3318 49.
1354 3269 1393 3316 d
1567 3268 1675 3318 Dei.

702 3352 727 3382 Ν
754 3335 835 3382 illo
880 3334 1103 3399 tempore
1145 3353 1156 3382 :
1195 3335 1332 3384 Dixit
1347 3337 1522 3384 Petrus
1566 3349 1613 3404 γρ,
1646 3335 1757 3383 Sint
1769 3334 1949 3384 lumbi.
1978 3335 2078 3384 lxx.

644 3347 694 3457 Ι
715 3401 779 3447 ad
802 3401 830 3447 J
836 3416 979 3448 esum
1009 3402 1167 3450 :Ecce
1197 3417 1289 3450 nos
1312 3400 1524 3466 reliqui-
1875 3409 2047 3456 Lectio
2065 3407 2127 3454 ix.

648 3481 759 3509 mus
786 3465 957 3514 omnia
975 3505 986 3527 ,
1010 3475 1061 3516 et
1083 3467 1238 3516 secuti
1258 3483 1429 3516 sumus
1450 3476 1517 3515 te:
1700 3483 1792 3515 nun
1820 3465 1901 3516 his
1935 3483 2055 3516 cum
2079 3463 2286 3515 tim6reet
2301 3466 2349 3518 Ρ·

792 3547 905 3598 ergo
922 3533 1020 3582 erit
1036 3531 1215 3582 nobis?
1227 3534 1292 3582 Et
1309 3533 1517 3599 reliqua.
1540 3569 1550 3588 .
1565 3480 1801 3593 Vtvore
1837 3533 2013 3584 debito
2035 3531 2254 3600 paulisper
2267 3533 2349 3572 τοῦ·
2409 3529 2411 3549 ¹
