3062 4145
850 454 984 502 Infra
1011 450 1169 501 Hebd.
1197 452 1422 516 quintam
1459 455 1570 516 post
1608 451 1956 515 Epiphaniam.

2228 460 2325 513 29'9

526 552 763 604 ductores
782 590 795 615 ‚
839 550 1060 601 mdxime
1089 550 1175 617 qui
1215 549 1280 600 de
1313 550 1406 599 cir·
1451 550 1729 601 novationis
1751 553 1962 620 Spiritus
1984 558 2159 619 sancti,
2174 574 2325 623 quem

526 620 837 671 cumeisione
866 626 1017 667 sunt:
1044 634 1169 684 quos
1209 636 1240 666 ο
1275 617 1408 666 ὀηεῑ
1451 617 1630 667 effiidit
1670 619 1722 667 in
1762 637 1853 669 nos
1888 620 2089 671 abi'mde
2125 639 2215 689 per
2234 624 2326 673 Je-

526 686 765 753 redargui
798 685 918 751 :qui
954 684 1209 733 universas
1266 699 1406 732 omos
1449 700 1563 733 sum
1598 684 1850 735 Christum
1897 687 2206 739 Salvatorem
2237 706 2325 739 no·

524 753 830 803 subvertunt
855 789 867 812 ‚
904 745 1141 799 docentes
1168 766 1278 816 quae
1301 766 1404 798 non

524 818 730 885 oportet
760 856 773 878 ,
822 817 982 882 turpis
1039 816 1165 865 lucri
1219 816 1398 883 gratia.

524 886 667 935 Dixit
688 883 895 951 quidam
921 899 983 931 ex
1018 882 1143 945 illis,
1179 882 1406 947 proprius

527 950 754 1018 ipsorum
800 966 893 1016 pro
930 949 1049 998 heta
1091 966 1103 997 ε
1147 949 1406 997 Cretenses

525 1033 731 1084 semper
769 1032 885 1065 men
925 1016 1037 1065 aces
1064 1053 1077 1075 ,
1125 1014 1269 1064 malae
1322 1014 1406 1063 be-

526 1085 651 1145 stiae,
668 1091 870 1132 ventres
886 1082 1031 1150 pigri.
1044 1080 1406 1130 Testimonium

527 1149 627 1200 hoc
665 1165 844 1198 verum
884 1158 976 1198 est.
1015 1147 1180 1210 Quam
1203 1147 1267 1196 ob
1297 1164 1408 1196 cau·

528 1233 639 1265 sam
660 1214 869 1280 increpa
891 1215 1002 1262 illos
1025 1214 1151 1263 dure
1179 1251 1190 1274 ,
1221 1223 1276 1263 ut
1298 1214 1405 1264 sani

528 1282 703 1332 sintin
730 1281 855 1340 fide,
878 1296 981 1329 non
1001 1276 1318 1330 intendentes
1334 1280 1409 1345 ju-

527 1348 687 1398 daicis
720 1346 906 1396 fabulis
935 1385 946 1406 ,
976 1355 1027 1396 et
1048 1345 1301 1395 mandatis
1322 1345 1406 1395 ho-

531 1415 730 1464 minum
769 1412 1104 1462 aversantium
1146 1429 1198 1461 se
1232 1429 1262 1461 a
1284 1413 1408 1461 veri-

532 1484 651 1530 tate.
692 1479 877 1528 Omnia
914 1479 1107 1528 munda
1154 1478 1356 1527 mundis
1393 1497 1404 1526 ε

531 1545 867 1612 coinquinatis
891 1554 1062 1594 autem
1084 1582 1095 1604 ‚
1123 1553 1176 1593 et
1197 1545 1408 1594 infideli-

532 1613 624 1662 bus
647 1611 774 1660 nihil
798 1620 877 1660 est
894 1611 1158 1660 mundum.

539 1685 583 1740 n}-
606 1677 917 1728 Gaudebunt
939 1675 1087 1726 labia
1118 1679 1234 1726 278.

752 1742 936 1792 FERIA
961 1740 1189 1792 SEXTA.

648 1810 726 1858 De
754 1809 976 1874 Epistola
992 1809 1058 1858 ad
1083 1810 1271 1857 Titum.

632 1871 854 1933 Lectioj.
896 1879 1016 1942 Cap.
1040 1879 1089 1924 2.
1117 1876 1155 1922 cl
1174 1886 1222 1922 et
1247 1878 1294 1926 3.

647 1959 715 1990 AEc
749 1941 989 2008 loquere,
1025 1951 1076 1990 et
1106 1940 1370 1990 exhortare
1392 1979 1403 2001 ‚

531 1951 645 2064 H
664 2017 719 2057 et
746 2005 901 2075 argue
931 2025 1046 2056 cum
1084 2008 1223 2055 omni
1253 2008 1322 2055 im
1361 2008 1408 2056 ἐ-

526 2074 619 2123 rio.
660 2075 824 2124 Nemo
866 2084 915 2123 te
959 2075 1268 2123 contemnat.
1355 2073 1408 2121 d-

523 2156 683 2190 mone
720 2140 830 2189 illos
853 2140 1161 2206 principibus
1184 2149 1238 2189 et
1272 2148 1407 2205 pote-

520 2202 748 2257 statibus
804 2206 1031 2255 sabditos
1076 2222 1183 2255 esse
1211 2244 1224 2264 ‚
1273 2205 1408 2255 dicto

518 2272 739 2324 obedire
757 2310 769 2333 ,
796 2272 861 2320 ad
880 2289 1030 2321 omne
1068 2289 1194 2338 opus
1216 2271 1407 2321 bonum

518 2340 738 2406 paratos
801 2354 905 2387 esse
950 2358 960 2387 :
999 2339 1254 2387 ne'minem
1305 2338 1408 2387 bla-

521 2405 807 2472 sphemare
827 2443 839 2465 ,
869 2421 972 2453 non
994 2403 1233 2471 litigiosos
1266 2420 1370 2453 esse
1394 2444 1404 2466 ,

1451 759 1609 799 strum
1638 767 1652 811 ;
1680 760 1737 800 ut
1772 750 2024 803 ‘ustificaiti
2048 755 2211 821 gratia
2242 756 2327 822 ip-

1451 816 1573 878 sius,
1618 816 1738 867 here
1775 835 1826 867 es
1864 819 2018 868 simus
2050 821 2327 871 seci'mdum

1450 898 1589 948 spem
1612 884 1724 932 vitae
1747 885 1960 935 aeternae.

1453 950 1504 1007 R?-
1528 950 1884 999 Miserieordia.
1908 954 2024 1002 278.

1755 1009 1919 1058 Lectio
1957 1011 2024 1073 iij.

1455 1084 1464 1089 ’
1497 1084 1688 1196 Jmmiis
1710 1097 1873 1131 sermo
1889 1092 1983 1196 fpst
2003 1122 2015 1144 ‚
2056 1092 2107 1133 et
2143 1083 2207 1133 de
2250 1084 2328 1135 his

1576 1164 1638 1196 vo
1659 1165 1688 1196 o
1709 1156 1756 1196 te
1791 1165 1884 1197 con
1928 1150 2093 1199 rmaire
2117 1167 2128 1198 ε
2155 1159 2212 1200 ut
2233 1168 2327 1201 cu-

1453 1221 1566 1261 rent
1582 1213 1726 1262 bonis
1749 1212 1982 1280 opc'ribus
2000 1215 2210 1282 praeesse
2236 1219 2322 1284 qui

1453 1279 1666 1329 credunt
1710 1281 1831 1329 Deo.
1871 1282 1987 1331 Haee
2038 1292 2154 1331 sunt
2188 1281 2324 1333 bona

1454 1353 1504 1392 et
1539 1346 1682 1394 utilia
1705 1345 2011 1397 hominibus.
2034 1348 2220 1398 Stultas
2246 1366 2329 1400 au·

1455 1419 1556 1459 tem
1609 1413 1903 1478 quaestiones
1930 1452 1942 1474 ,
1990 1423 2041 1464 et
2088 1416 2329 1482 genealo-

1453 1477 1558 1544 gias
1585 1517 1597 1539 ‚
1637 1489 1688 1528 et
1719 1480 2089 1542 contentiones,
2136 1490 2187 1530 et
2238 1499 2327 1549 pu·

1453 1560 1578 1618 guas
1612 1544 1733 1612 legis
1771 1545 1938 1595 devita
1978 1565 1989 1595 ε
2028 1556 2146 1596 sunt
2188 1549 2326 1598 enim

1453 1611 1652 1659 inntiles
1667 1621 1718 1660 et
1751 1628 1905 1661 vanae.
1924 1608 2223 1663 Haereticum
2246 1614 2329 1664 ho-

1455 1677 1643 1725 minem
1669 1687 1780 1744 post
1802 1695 1958 1727 unam
1983 1688 2034 1728 et
2051 1680 2324 1730 seci'mdam

1454 1745 1819 1808 correptiimem
1872 1744 2038 1793 devita
2103 1764 2114 1793 x
2166 1747 2327 1796 sciens

1455 1810 1572 1874 quia
1603 1809 1866 1858 subversus
1912 1820 2009 1870 est,
2060 1811 2145 1876 qui
2192 1812 2327 1878 ejiis-

1454 1875 1591 1924 modi
1616 1885 1722 1937 est,
1751 1885 1802 1925 et
1825 1875 1958 1925 delin
1998 1877 2097 1938 uit,
2125 1894 2240 1926 cum
2264 1880 2328 1928 sit

1454 1940 1856 2057 prolpriojudicio
1879 1959 1973 1991 con
2011 1943 2257 1993 emnzitus.

1458 2010 1505 2064 aj.
1558 2009 1710 2057 'actus
1734 2017 1824 2057 est.
1851 2010 1967 2058 278.

1739 2073 2039 2125 SABBATO.

1487 2140 1666 2205 Incipit
1702 2140 1925 2206 Epistola
1959 2139 2091 2190 beati
2131 2143 2290 2206 Pauli,

1517 2205 1735 2272 Apostoli
1751 2246 1763 2268 ‚
1784 2206 1873 2275 ‚ad—
1891 2207 2257 2257 Philemonem.

1663 2269 1827 2315 hecilo
1857 2286 1894 2330 J.
1917 2276 1985 2321 Ca
2027 2312 2037 2322 ,
2080 2278 2126 2323 1,

1453 2345 1682 2460 Pinnos
1721 2339 1917 2389 vinetus
2029 2341 2133 2390 risti
2173 2342 2291 2391 Jesu
2316 2382 2327 2404 ‚

1578 2412 1629 2452 et
1663 2404 1955 2454 Timotheus
1990 2407 2184 2457 frater:
2221 2408 2334 2457 Phi-

520 2472 618 2521 sed
660 2470 921 2519 modestos
944 2510 955 2530 ‚
993 2486 1196 2519 omnem
1237 2480 1410 2519 osten-
1454 2469 1640 2518 lemoni
1671 2470 1887 2533 dilectu,
1916 2480 1967 2521 et
1998 2472 2210 2538 adjutori
2236 2491 2334 2523 no-

523 2537 718 2587 dentes
742 2537 1180 2586 mansueti'ldinem
1208 2536 1274 2585 ad
1297 2554 1411 2585 om-

520 2619 622 2653 nes
643 2601 891 2653 homines

517 2676 571 2723 m.
608 2667 907 2719 Confitebor
932 2668 1039 2717 tibi.
1062 2670 1177 2719 278.

844 2732 1009 2778 Lectio
1047 2731 1095 2794 ἦ.

524 2812 530 2815 ’
574 2809 779 2851 ἻιιΑΜυε
802 2802 936 2849 enim
960 2800 1232 2867 aliquando
1250 2810 1302 2849 et
1322 2817 1413 2849 nos

523 2812 622 2921 h
669 2866 987 2932 insipientes,
1020 2866 1266 2915 increduli
1294 2905 1306 2926 ,
1345 2884 1415 2915 er-

523 2934 707 2984 rantes
734 2971 746 2994 ,
774 2933 1043 2982 servientes
1080 2932 1339 2982 desideriis
1364 2943 1415 2982 et

523 2998 876 3066 voluptatibus
915 2995 1091 3059 variis,
1129 2999 1184 3048 in
1223 2999 1416 3048 malitia

524 3076 581 3117 et
624 3065 820 3116 invidia
874 3065 1079 3132 agentes
1105 3103 1117 3124 ,
1172 3064 1412 3126 odibiles,

526 3133 765 3183 odientes
804 3130 1035 3180 invicem.
1085 3132 1212 3180 Cum
1247 3140 1416 3180 autem

528 3199 654 3250 beni

730 3199 825 3248 itas
854 3207 905 3247 et
942 3193 1229 3247 humanitas
1259 3199 1419 3264 appa-

534 3266 643 3316 ruit

702 3263 935 3314 alvatoris
957 3264 1112 3312 nostri
1143 3264 1235 3312 Dei
1265 3282 1276 3312 :
1314 3278 1418 3312 non

1456 2544 1558 2583 stro
1587 2574 1599 2597 ‚
1639 2545 1690 2585 et
1709 2536 1908 2603 Appiae,
1948 2540 2105 2587 sorori
2139 2540 2334 2589 charis-

1457 2602 1631 2663 simae,
1668 2610 1719 2651 et
1757 2603 2036 2670 Archippo,
2079 2606 2333 2656 commili-

1461 2666 1561 2716 toni
1603 2678 1773 2717 nostro
1794 2708 1806 2731 ,
1850 2678 1901 2719 et
1936 2667 2166 2721 Ecclesiae
2222 2690 2333 2740 quae

1458 2734 1512 2781 in
1550 2733 1701 2783 domo
1745 2744 1832 2783 tua
1873 2745 1965 2785 est.
1994 2734 2167 2787 Gratia
2194 2739 2333 2789 vobis

1459 2808 1510 2848 et
1533 2817 1629 2865 pax
1653 2817 1683 2849 a
1706 2801 1810 2849 Deo
1845 2802 1993 2851 Patre
2034 2814 2203 2853 nostro
2224 2844 2243 2884 Ι,
2284 2815 2336 2854 et

1460 2865 1674 2914 Domino
1718 2868 1837 2916 Jesu
1879 2868 2093 2919 Christo.
2139 2870 2335 2920 Gratias

1459 2948 1554 2999 ago
1588 2933 1692 2981 Deo
1718 2950 1832 2983 meo
1858 2972 1868 2994 ,
1912 2950 2109 3002 semper
2140 2938 2334 2986 memo—

1462 2999 1588 3046 riam
1616 2999 1686 3048 tui
1725 2999 1916 3049 faciens
1939 3002 1991 3049 in
2028 3002 2336 3052 orationibus

1461 3065 1601 3124 meiS‚
1623 3065 1831 3116 audiens
1853 3067 2151 3117 charitatem
2177 3079 2332 3130 tuam,

1462 3140 1512 3180 et
1534 3131 1686 3179 fidem
1709 3170 1721 3192 ‚
1766 3149 1918 3198 quam
1954 3132 2110 3184 habes
2143 3137 2196 3184 in
2230 3136 2338 3184 Do—

1464 3197 1602 3245 mino
1630 3199 1750 3246 Jesu
1771 3236 1782 3258 ‚
1836 3208 1886 3248 et
1916 3199 1969 3248 in
2010 3218 2184 3250 omnes
2218 3217 2339 3250 san-

1464 3273 1570 3312 ctos
1613 3281 1624 3311 :
1681 3273 1738 3312 ut
1778 3267 2166 3316 communicatio
2212 3267 2336 3317 fidei

536 3349 598 3382 ex
614 3325 1421 3398 operibusjustitiae,quoefe'cimus
1467 3339 1563 3379 tuae
1595 3329 1797 3378 evidens
1829 3331 1947 3392 siat,
1983 3332 2036 3380 in
2080 3333 2335 3400 agnitione

540 3415 635 3447 nos
657 3436 669 3459 ,
703 3397 793 3446 sed
828 3396 1105 3446 seci'mdum
1145 3411 1287 3444 suam
1323 3397 1424 3444 mi-
1467 3396 1631 3445 omnis
1663 3395 1825 3462 operis
1848 3396 1992 3458 boni,
2029 3399 2163 3464 quod
2188 3399 2338 3448 estin

544 3463 871 3513 sericordiam
896 3462 1056 3512 salvos
1080 3478 1171 3511 nos
1188 3461 1314 3511 fecit
1335 3479 1425 3528 per
1468 3461 1609 3510 vobis
1626 3463 1678 3510 in
1701 3463 1900 3511 Christo
1921 3464 1949 3511 J
1954 3481 2057 3514 esu.

547 3527 807 3580 lavacrum
838 3527 1236 3598 regenerationis
1258 3537 1310 3579 et
1345 3544 1428 3577 re-
1468 3531 1519 3572 st‘-
1557 3529 1631 3578 Ne
1656 3528 1947 3594 perdideris
1986 3533 2101 3580 279.
