3062 4145
924 465 1055 512 Infra
1084 464 1454 515 ”ebdomadam
1480 467 1692 531 primam
1714 463 1981 513 Adventus.
2282 464 2367 511 141

554 554 709 603 venta
728 562 805 603 est
829 553 987 603 Maria
1003 552 1196 603 habens
1217 554 1271 603 in
1294 554 1438 604 utero
1484 566 1534 621 ις.
1561 550 1689 601 Ante
1708 553 1926 602 multum
1952 562 2145 619 tempus
2163 554 2381 621 prophe·

553 619 617 669 de
652 619 841 686 Spiritu
864 628 1058 681 sancte,
1087 618 1304 670 alleluia.
1489 615 1612 667 tavit
1660 618 1890 669 Ezechiel
1936 638 1947 668 ε
1994 620 2108 670 Vidi
2168 632 2369 686 portam

618 688 793 751 Preces
814 699 869 739 ut
902 692 953 738 in
975 690 1123 739 Psalt.
1160 688 1241 736 51.
1487 683 1736 748 clausam,
1784 702 1900 736 ecce
1945 688 2078 736 Deus
2124 696 2241 736 ante
2282 704 2365 737 sae·

709 754 781 803 Ad
820 755 1129 829 Magnificam,
1160 756 1284 804 Asia.
1487 750 1601 800 cula
1642 768 1705 801 ex
1751 768 1811 801 ea
1849 751 2155 820 procedebat
2180 770 2271 818 pro
2295 770 2370 803 sa·

555 816 773 879 Quaerite
794 816 1067 867 Dommum
1088 856 1102 879 ‚
1123 818 1144 839 *
1166 818 1288 867 dum
1313 818 1442 868 inve·
1487 816 1590 866 late
1615 817 1794 867 mundi
1833 836 1844 867 :
1884 824 1907 846 *
1947 819 2015 867 Et
2047 827 2157 868 erat
2187 819 2375 869 iterum

554 884 652 933 niri
676 892 843 949 potest
867 903 880 933 ε
905 881 1132 934 invocate
1146 900 1263 934 eum
1281 923 1294 946 ‚
1315 885 1439 934 dum
1487 882 1680 945 clausa,
1715 882 2064 934 demonstrans
2084 885 2365 953 Virginem,

554 965 712 1016 prope
750 958 826 999 est
846 988 859 1011 ,
896 950 1111 1000 alleluia.
1488 950 1606 1014 quia
1650 960 1763 1017 post
1817 960 2020 1017 partum
2095 952 2372 1017 permansit

610 1025 789 1070 Preces
827 1031 881 1068 ut
906 1022 956 1069 in
979 1021 1128 1069 Psan.
1177 1018 1290 1067 ⁴43.
1487 1016 1644 1083 virgo.
1690 1020 1734 1069 ᾖ.
1775 1018 1925 1066 Porta
1953 1033 2106 1083 quam
2162 1018 2364 1079 vidisti,

744 1081 930 1131 FERIA
969 1081 1244 1145 QUARTA.
1489 1081 1732 1131 Dominus
1791 1082 1924 1133 solus
1986 1082 2217 1135 transibit
2280 1100 2373 1150 per

726 1148 799 1198 De
838 1147 964 1198 lsaia
1003 1148 1272 1216 Propheta.
1488 1147 1644 1198 illam.
1685 1150 1766 1198 Et.

771 1220 936 1268 Lectio
956 1221 989 1266 '.
1040 1218 1160 1282 Cap.
1189 1218 1237 1266 3.
1787 1218 1955 1265 Lectio
1981 1217 2047 1279 iij.

648 1297 733 1330 cce
770 1281 907 1330 enim
940 1239 1228 1331 iiominator
1266 1279 1443 1330 Domi-
1520 1293 1532 1298 ’·
1585 1297 1661 1330 urr
1699 1280 1834 1330 enim
1856 1279 2163 1342 Jerusalem,
2191 1291 2244 1331 et
2272 1283 2371 1331 Ju-

664 1363 761 1396 nus
778 1347 1086 1397 exercituum
1100 1343 1343 1398 aufereta
1363 1348 1441 1396 Je·
1603 1345 1694 1396 das
1737 1346 1961 1397 concidit
2006 1349 2175 1426 :lquia
2197 1347 2371 1416 lingua

558 1412 775 1463 nisalem
792 1422 845 1465 et
886 1429 918 1463 a
953 1413 1088 1463 Juda
1108 1414 1330 1463 validum
1350 1451 1362 1475 ,
1391 1423 1443 1463 et
1486 1413 1662 1463 eorum
1685 1421 1737 1462 et
1771 1413 2151 1463 adinventiones
2196 1413 2371 1464 eorum

557 1479 773 1540 fortem,
806 1495 958 1529 omne
1002 1479 1159 1530 robur
1197 1481 1362 1547 Pania,
1389 1489 1442 1529 et
1487 1487 1662 1529 contra
1694 1480 1993 1541 Dominum,
2039 1489 2097 1528 ut
2136 1482 2372 1546 provoca·-

557 1561 708 1595 omne
741 1544 899 1595 robur
936 1562 1078 1612 aquae
1096 1563 1112 1609 3
1138 1546 1321 1596 fortem
1350 1583 1362 1607 ,
1389 1555 1442 1596 et
1487 1553 1602 1596 rent
1677 1545 1845 1595 oculos
1919 1546 2194 1612 majestatis
2242 1548 2366 1613 ejuS.

556 1611 721 1662 virum
761 1609 1055 1661 bellatorem
1069 1651 1083 1673 ,
1126 1612 1351 1679 judicem
1391 1621 1442 1662 et
1484 1611 1686 1680 Agnitio
1703 1611 1868 1662 vultus
1906 1612 2079 1662 eorum
2112 1612 2368 1680 respondit

555 1677 853 1745 prophetam
874 1715 887 1740 ‚
909 1686 962 1727 et
996 1677 1208 1728 ariolum
1235 1717 1247 1740 ‚
1286 1688 1338 1729 et
1359 1695 1442 1728 se-
1485 1679 1556 1728 eis
1591 1697 1602 1727 ε
1641 1687 1693 1728 et
1725 1679 1990 1745 peccatum
2036 1695 2185 1728 suum
2226 1682 2367 1745 quasi

554 1759 715 1794 nem:
754 1744 1033 1811 principem
1081 1761 1137 1794 su
1174 1761 1231 1794 er
1296 1745 1438 1812 quin·
1485 1743 1703 1795 sodoma
1765 1745 2195 1811 praedicaverunt,
2273 1762 2369 1796 nec

553 1810 823 1879 quaginta,
871 1820 923 1860 et
946 1809 1141 1862 honora
1176 1810 1294 1862 ilem
1325 1811 1442 1861 vul-
1486 1810 1861 1861 absconderunt
1902 1830 1913 1860 ε
1960 1828 2035 1861 vae
2069 1812 2249 1861 animae
2280 1811 2370 1862 eo-

553 1885 609 1926 tu
634 1914 648 1938 ,
682 1887 737 1927 et
758 1875 1100 1926 consiliarium
1127 1915 1140 1940 ,
1167 1887 1218 1928 et
1239 1877 1441 1944 sapien·
1485 1895 1599 1927 rum
1623 1915 1635 1939 ,
1669 1876 1907 1943 quoniam
1932 1877 2129 1928 reddita
2151 1887 2268 1928 sunt
2300 1881 2369 1928 eis

553 1952 659 1992 tem
716 1942 780 1992 dc
832 1941 1119 1993 architectis
1147 1982 1159 2006 ,
1214 1953 1267 1994 et
1315 1960 1442 2010 pru-
1486 1943 1804 1993 mala.Dicite
1836 1945 1974 2010 justo
2003 1943 2241 2010 quoniam
2288 1944 2371 1994 be·

550 2009 763 2059 dentem
842 2008 1027 2077 eloquii
1090 2011 1305 2078 mystici.
1376 2011 1441 2060 Et
1486 2027 1568 2073 ne,
1612 2011 1852 2077 quoniam
1922 2010 2143 2060 fructum
2219 2009 2373 2060 adin-

550 2074 688 2125 dabo
721 2076 904 2142 pueros
932 2076 1182 2143 principes
1233 2078 1436 2137 eorum,
1484 2078 1778 2127 ventionum
1832 2077 2038 2126 suarum
2107 2076 2357 2127 comedet.

551 2151 605 2192 et
641 2137 917 2192 effeminati
937 2142 1334 2193 dominabuntur
1351 2143 1437 2192 eis.
1485 2143 1570 2193 Vae
1593 2142 1747 2210 impio
1771 2143 1824 2191 in
1847 2143 2041 2192 malum
2063 2162 2074 2191 :
2097 2141 2363 2194 retributio

548 2222 599 2263 νζ.
649 2208 757 2258 Rex
796 2218 967 2258 noster
1010 2208 1242 2259 adveniet
1293 2208 1443 2258 chri-
1487 2210 1622 2258 enim
1667 2205 1913 2259 manuum
1937 2210 2044 2275 ejus
2076 2209 2167 2259 fiet
2183 2210 2247 2259 ei.

554 2270 687 2331 ε’ῑυε,
719 2284 739 2307 ¹*
781 2274 942 2337 Quem
964 2275 1182 2325 Joannes
1208 2275 1440 2342 praediczi·
1479 2286 1529 2343 n).
1573 2276 1702 2325 Ecce
1725 2275 1830 2325 dies
1852 2276 2063 2325 veniunt
2083 2314 2094 2334 ‚
2134 2276 2257 2326 dicit
2276 2277 2352 2325 Do

550 2340 627 2389 vit
658 2339 861 2409 Agnum
908 2358 1012 2391 esse
1061 2342 1346 2391 venturum.
1382 2346 1429 2397 ὺ.
1487 2342 1653 2391 minus
1674 2380 1686 2404 ,
1708 2351 1760 2391 et
1775 2342 2024 2391 suscitabo
2068 2342 2226 2391 David
2262 2360 2371 2410 ger-

550 2406 717 2473 Super
737 2407 902 2473 ipsum
933 2408 1268 2457 continebunt
1297 2424 1440 2475 reges
1487 2424 1603 2457 men
1630 2409 1823 2474 justum
1849 2427 1860 2456 :
1888 2418 1940 2458 et
1962 2408 2194 2475 regnabit
2219 2409 2324 2458 Rex
2353 2449 2364 2468 ,

550 2489 609 2522 os
634 2489 805 2537 suum,
828 2473 993 2539 ipsum
1015 2483 1194 2541 gentes
1211 2474 1440 2541 ‹lepreca-
1487 2483 1538 2523 et
1558 2475 1754 2541 sapiens
1795 2475 1913 2535 erit,
1964 2484 2015 2525 et
2059 2471 2207 2525 faciet
2238 2475 2372 2541 judi-

550 2538 764 2589 bt'mtur.
804 2540 985 2604 Quem.
1486 2540 1621 2589 cium
1656 2550 1708 2590 et
1743 2540 1989 2606 justitiam
2026 2541 2076 2589 in
2099 2551 2249 2605 ‚terra
2288 2560 2299 2589 ε
2336 2552 2351 2563 ·

879 2612 1043 2659 Lectio
1063 2612 1113 2674 ij.
1485 2608 1550 2657 Et
1588 2606 1686 2656 hoc
1727 2616 1804 2657 est
1835 2623 2021 2656 nomen
2040 2646 2051 2667 ,
2072 2608 2205 2673 quod
2225 2605 2370 2657 vocai-

612 2718 617 2721 .
652 2670 861 2723 ‘rirruet
889 2671 1135 2739 populus,
1170 2673 1246 2722 vir
1276 2672 1342 2723 ad
1372 2674 1440 2723 vi·
1485 2673 1614 2722 bunt
1657 2689 1773 2723 eum
1809 2678 1832 2701 *
1891 2673 2137 2722 Dominus
2202 2674 2367 2739 justus

550 2686 639 2797 E
677 2754 792 2787 rum
814 2777 828 2799 ‚
871 2748 924 2789 et
978 2740 1317 2806 unusquisque
1374 2740 1439 2790 ad
1485 2745 1715 2793 nostem.
1766 2740 1824 2787 ln
1867 2739 2045 2789 diebus
2065 2740 2162 2789 illis
2202 2741 2367 2789 salva—

552 2800 844 2869 pr6ximum
868 2822 1016 2855 suum
1066 2824 1078 2855 :
1114 2800 1440 2858 tumultuabi-
1484 2806 1620 2855 bitur
1641 2804 1797 2866 Juda,
1836 2815 1888 2855 et
1911 2806 2060 2855 lsrael
2111 2806 2362 2856 habitabit

552 2879 639 2919 tur
660 2887 788 2937 puer
807 2880 988 2921 contra
1006 2888 1208 2934 senem,
1235 2882 1288 2922 et
1308 2871 1441 2939 igno-
1482 2872 1813 2921 confidenter.
1878 2873 1960 2923 Et.
1998 2871 2173 2922 Gloria
2207 2874 2359 2922 Patri.

550 2935 667 2987 bilis
684 2946 858 2988 contra
883 2937 1122 2988 nobilem.
1150 2937 1438 3006 Apprehen-
1484 2938 1743 2988 Dominus,

550 3001 642 3053 det
680 3004 820 3054 enim
839 3005 918 3054 vir
938 3005 1153 3056 fratrem
1177 3022 1324 3054 suum
1343 3004 1438 3054 do—
1624 3009 1696 3056 Ad
1723 3008 2047 3064 Benedictus,
2079 3007 2202 3054 Αῑιει.

550 3069 820 3120 ωὸειίοιιῐιι
841 3070 998 3136 patris
1020 3072 1095 3120 sui
1128 3089 1140 3120 ε
1165 3072 1439 3122 Vestimen·
1485 3073 1557 3121 De
1580 3071 1730 3120 Sion*
1751 3070 1907 3120 exibit
1939 3071 2017 3120 lex
2036 3110 2046 3129 ‚
2074 3080 2125 3120 et
2152 3069 2363 3120 verbum

551 3143 664 3184 tum
684 3134 777 3185 tibi
811 3146 889 3186 est
912 3174 925 3198 ,
962 3137 1194 3204 princeps
1210 3147 1317 3188 esto
1352 3155 1438 3188 no·
1483 3139 1683 3188 Domini
1706 3137 1770 3188 de
1785 3136 2080 3188 Jerusalem.

548 3210 670 3263 ster,
711 3201 859 3252 ruina
890 3211 1060 3253 autem
1088 3203 1196 3254 haec
1216 3204 1310 3254 sub
1342 3221 1441 3254 ma·
1543 3209 1716 3256 Preces
1737 3217 1796 3254 ut
1829 3207 1879 3254 in
1916 3207 2063 3254 Psalt.
2111 3207 2190 3252 5¹.

549 3283 620 3317 nu
652 3277 758 3318 tua.
779 3268 1114 3336 Respondebit
1130 3270 1184 3320 in
1212 3271 1294 3321 die
1334 3271 1437 3332 illa,
1637 3273 1709 3321 Ad
1737 3272 2021 3337 Magnificat
2040 3313 2052 3325 ,
2083 3272 2203 3319 Asta.

548 3331 727 3384 (licens
774 3353 787 3384 :
828 3335 943 3386 Non
986 3352 1099 3386 sum
1122 3336 1365 3399 medicus,
1391 3347 1445 3388 et
1487 3331 1668 3388 Ve'niet
1711 3338 1732 3357 *
1763 3335 1948 3386 fortior
1990 3351 2071 3384 me
2108 3344 2220 3400 post
2253 3350 2363 3394 me,

548 3401 604 3449 in
625 3399 783 3451 domo
801 3417 919 3452 mea.
939 3417 1042 3453 non
1064 3412 1141 3454 est
1162 3404 1323 3470 panis,
1349 3420 1445 3453 ne-
1488 3404 1630 3469 cujus
1668 3418 1770 3452 non
1815 3418 1928 3451 sum
1968 3401 2151 3469 dignus
2176 3400 2368 3452 solvere

546 3483 651 3533 que
704 3467 1059 3520 vestimentum
1107 3469 1299 3521 :nolite
1320 3487 1447 3520 con-
1488 3469 1756 3538 corrigiam
1789 3467 2263 3518 calceamentorum.

548 3533 761 3586 sumere
798 3551 883 3588 me
926 3535 1204 3605 principem
1255 3537 1444 3606 populi.
1546 3539 1721 3588 Preces
1737 3547 1794 3587 ut
1818 3539 1867 3586 in
1893 3537 2041 3586 Psall.
2099 3537 2205 3586 113.
