<?xml version="1.0" encoding="UTF-8"?>
<!DOCTYPE html PUBLIC "-//W3C//DTD XHTML 1.0 Transitional//EN"
    "http://www.w3.org/TR/xhtml1/DTD/xhtml1-transitional.dtd">
<html xmlns="http://www.w3.org/1999/xhtml" xml:lang="en" lang="en">
 <head>
  <title>
</title>
<meta http-equiv="Content-Type" content="text/html;charset=utf-8" />
  <meta name='ocr-system' content='tesseract 3.04.00' />
  <meta name='ocr-capabilities' content='ocr_page ocr_carea ocr_par ocr_line ocrx_word'/>
</head>
<body>
  <div class='ocr_page' id='page_1' title='image "./breviariumroman01brevgoog_0346.png"; bbox 0 0 3062 4145; ppageno 0'>
   <div class='ocr_carea' id='block_1_1' title="bbox 969 468 2429 537">
    <p class='ocr_par' dir='ltr' id='par_1_1' title="bbox 969 468 2429 537">
     <span class='ocr_line' id='line_1_1' title="bbox 969 468 2429 537; baseline -0.002 -14"><span class='ocrx_word' id='word_1_1' title='bbox 969 475 1107 524; x_wconf 78' lang='lat' dir='ltr'>Infra</span> <span class='ocrx_word' id='word_1_2' title='bbox 1130 474 1292 523; x_wconf 83' lang='lat' dir='ltr'><strong>Hebd.</strong></span> <span class='ocrx_word' id='word_1_3' title='bbox 1331 475 1529 523; x_wconf 76' lang='lat' dir='ltr'>tertiam</span> <span class='ocrx_word' id='word_1_4' title='bbox 1551 480 1663 537; x_wconf 87' lang='lat' dir='ltr'>post</span> <span class='ocrx_word' id='word_1_5' title='bbox 1684 468 2040 537; x_wconf 80' lang='lat' dir='ltr'>Epiphaniam.</span> <span class='ocrx_word' id='word_1_6' title='bbox 2332 472 2429 521; x_wconf 82' lang='grc'>285</span> 
     </span>
    </p>
   </div>
   <div class='ocr_carea' id='block_1_2' title="bbox 633 564 2432 1277">
    <p class='ocr_par' dir='ltr' id='par_1_2' title="bbox 633 564 2432 1277">
     <span class='ocr_line' id='line_1_2' title="bbox 634 564 2429 632; baseline 0 -17"><span class='ocrx_word' id='word_1_7' title='bbox 634 568 926 617; x_wconf 74' lang='lat' dir='ltr'>menstiram</span> <span class='ocrx_word' id='word_1_8' title='bbox 978 565 1262 617; x_wconf 73' lang='lat' dir='ltr'>donationis</span> <span class='ocrx_word' id='word_1_9' title='bbox 1308 565 1508 615; x_wconf 80' lang='lat' dir='ltr'>Christi.</span> <span class='ocrx_word' id='word_1_10' title='bbox 1556 566 1678 618; x_wconf 72' lang='lat' dir='ltr'>ttido</span> <span class='ocrx_word' id='word_1_11' title='bbox 1700 605 1711 627; x_wconf 92' lang='lat'>,</span> <span class='ocrx_word' id='word_1_12' title='bbox 1755 574 1844 616; x_wconf 80' lang='lat' dir='ltr'>aut</span> <span class='ocrx_word' id='word_1_13' title='bbox 1887 564 2295 632; x_wconf 76' lang='lat' dir='ltr'>stultiloquium,</span> <span class='ocrx_word' id='word_1_14' title='bbox 2340 576 2429 615; x_wconf 85' lang='lat' dir='ltr'>aut</span> 
     </span>
     <span class='ocr_line' id='line_1_3' title="bbox 633 630 2431 701; baseline -0.001 -19"><span class='ocrx_word' id='word_1_15' title='bbox 633 635 847 700; x_wconf 78' lang='lat' dir='ltr'><strong>Propter</strong></span> <span class='ocrx_word' id='word_1_16' title='bbox 868 633 1002 701; x_wconf 88' lang='lat' dir='ltr'>quod</span> <span class='ocrx_word' id='word_1_17' title='bbox 1026 632 1189 682; x_wconf 86' lang='lat' dir='ltr'>dicit:</span> <span class='ocrx_word' id='word_1_18' title='bbox 1224 630 1513 682; x_wconf 56' lang='lat' dir='ltr'>Aser-indens</span> <span class='ocrx_word' id='word_1_19' title='bbox 1557 632 1829 683; x_wconf 74' lang='lat' dir='ltr'>scurrilitas</span> <span class='ocrx_word' id='word_1_20' title='bbox 1850 670 1862 693; x_wconf 91' lang='lat'>,</span> <span class='ocrx_word' id='word_1_21' title='bbox 1907 649 2017 698; x_wconf 83' lang='lat' dir='ltr'>quae</span> <span class='ocrx_word' id='word_1_22' title='bbox 2055 632 2122 681; x_wconf 86' lang='lat' dir='ltr'>ad</span> <span class='ocrx_word' id='word_1_23' title='bbox 2168 649 2276 682; x_wconf 87' lang='lat' dir='ltr'>rem</span> <span class='ocrx_word' id='word_1_24' title='bbox 2328 649 2431 681; x_wconf 89' lang='lat' dir='ltr'>non</span> 
     </span>
     <span class='ocr_line' id='line_1_4' title="bbox 634 696 2429 766; baseline 0 -19"><span class='ocrx_word' id='word_1_25' title='bbox 634 700 686 748; x_wconf 90' lang='lat' dir='ltr'>in</span> <span class='ocrx_word' id='word_1_26' title='bbox 717 700 878 749; x_wconf 80' lang='lat' dir='ltr'>altum</span> <span class='ocrx_word' id='word_1_27' title='bbox 906 738 918 761; x_wconf 93' lang='lat'>,</span> <span class='ocrx_word' id='word_1_28' title='bbox 955 700 1206 765; x_wconf 85' lang='lat' dir='ltr'>captivam</span> <span class='ocrx_word' id='word_1_29' title='bbox 1251 698 1397 747; x_wconf 85' lang='lat' dir='ltr'>duxit</span> <span class='ocrx_word' id='word_1_30' title='bbox 1436 715 1515 748; x_wconf 87' lang='lat' dir='ltr'>ca·</span> <span class='ocrx_word' id='word_1_31' title='bbox 1556 696 1776 766; x_wconf 73' lang='lat' dir='ltr'>pertinet</span> <span class='ocrx_word' id='word_1_32' title='bbox 1803 716 1814 747; x_wconf 75' lang='grc' dir='ltr'><strong><em>ε</em></strong></span> <span class='ocrx_word' id='word_1_33' title='bbox 1841 697 1929 747; x_wconf 84' lang='lat' dir='ltr'>sed</span> <span class='ocrx_word' id='word_1_34' title='bbox 1954 699 2114 766; x_wconf 79' lang='lat' dir='ltr'>magis</span> <span class='ocrx_word' id='word_1_35' title='bbox 2152 698 2429 766; x_wconf 65' lang='lat' dir='ltr'>gratifirum</span> 
     </span>
     <span class='ocr_line' id='line_1_5' title="bbox 668 764 1707 815; baseline -0.002 0"><span class='ocrx_word' id='word_1_36' title='bbox 668 765 946 815; x_wconf 65' lang='lat' dir='ltr'>tivitaitem:</span> <span class='ocrx_word' id='word_1_37' title='bbox 973 765 1115 815; x_wconf 82' lang='lat' dir='ltr'><strong>dedit</strong></span> <span class='ocrx_word' id='word_1_38' title='bbox 1136 764 1271 814; x_wconf 86' lang='lat' dir='ltr'>dona</span> <span class='ocrx_word' id='word_1_39' title='bbox 1303 764 1513 813; x_wconf 86' lang='lat' dir='ltr'>homini·</span> <span class='ocrx_word' id='word_1_40' title='bbox 1557 766 1707 815; x_wconf 63' lang='lat' dir='ltr'>(ictio.</span> 
     </span>
     <span class='ocr_line' id='line_1_6' title="bbox 670 829 2204 897; baseline -0.002 -16"><span class='ocrx_word' id='word_1_41' title='bbox 670 848 746 880; x_wconf 75' lang='lat' dir='ltr'>us·</span> <span class='ocrx_word' id='word_1_42' title='bbox 774 832 920 894; x_wconf 88' lang='lat' dir='ltr'>Quod</span> <span class='ocrx_word' id='word_1_43' title='bbox 936 841 1107 881; x_wconf 80' lang='lat' dir='ltr'>autem</span> <span class='ocrx_word' id='word_1_44' title='bbox 1126 830 1368 889; x_wconf 73' lang='lat' dir='ltr'>ascendit,</span> <span class='ocrx_word' id='word_1_45' title='bbox 1389 830 1512 897; x_wconf 91' lang='lat' dir='ltr'>quid</span> <span class='ocrx_word' id='word_1_46' title='bbox 1557 840 1607 897; x_wconf 67' lang='lat' dir='ltr'>R).</span> <span class='ocrx_word' id='word_1_47' title='bbox 1633 829 1929 880; x_wconf 74' lang='lat' dir='ltr'>Confitebor</span> <span class='ocrx_word' id='word_1_48' title='bbox 1952 830 2059 879; x_wconf 89' lang='lat' dir='ltr'>tibi.</span> <span class='ocrx_word' id='word_1_49' title='bbox 2087 832 2204 880; x_wconf 85' lang='grc'><strong>278.</strong></span> 
     </span>
     <span class='ocr_line' id='line_1_7' title="bbox 634 892 2117 963; baseline -0.003 -17"><span class='ocrx_word' id='word_1_50' title='bbox 634 908 710 947; x_wconf 89' lang='lat' dir='ltr'>est</span> <span class='ocrx_word' id='word_1_51' title='bbox 730 936 743 958; x_wconf 94' lang='lat'>,</span> <span class='ocrx_word' id='word_1_52' title='bbox 770 898 865 946; x_wconf 92' lang='lat' dir='ltr'>nisi</span> <span class='ocrx_word' id='word_1_53' title='bbox 901 898 1021 963; x_wconf 84' lang='lat' dir='ltr'>quia</span> <span class='ocrx_word' id='word_1_54' title='bbox 1043 907 1095 947; x_wconf 89' lang='lat' dir='ltr'>et</span> <span class='ocrx_word' id='word_1_55' title='bbox 1128 892 1390 947; x_wconf 74' lang='lat' dir='ltr'>descendit</span> <span class='ocrx_word' id='word_1_56' title='bbox 1413 898 1510 963; x_wconf 89' lang='lat' dir='ltr'>pri·</span> <span class='ocrx_word' id='word_1_57' title='bbox 1873 896 2041 945; x_wconf 79' lang='lat' dir='ltr'>Lectio</span> <span class='ocrx_word' id='word_1_58' title='bbox 2065 896 2117 959; x_wconf 85' lang='lat' dir='ltr'>ij.</span> 
     </span>
     <span class='ocr_line' id='line_1_8' title="bbox 634 962 2431 1041; baseline 0.001 -29"><span class='ocrx_word' id='word_1_59' title='bbox 634 980 778 1012; x_wconf 90' lang='lat' dir='ltr'>mum</span> <span class='ocrx_word' id='word_1_60' title='bbox 798 964 848 1012; x_wconf 90' lang='lat' dir='ltr'>in</span> <span class='ocrx_word' id='word_1_61' title='bbox 874 962 1134 1013; x_wconf 74' lang='lat' dir='ltr'>inferiores</span> <span class='ocrx_word' id='word_1_62' title='bbox 1156 972 1322 1029; x_wconf 83' lang='lat' dir='ltr'>partes</span> <span class='ocrx_word' id='word_1_63' title='bbox 1345 963 1513 1011; x_wconf 81' lang='lat' dir='ltr'>terrae?</span> <span class='ocrx_word' id='word_1_64' title='bbox 1674 982 1732 1013; x_wconf 88' lang='lat' dir='ltr'>oc</span> <span class='ocrx_word' id='word_1_65' title='bbox 1755 965 1891 1013; x_wconf 86' lang='lat' dir='ltr'>enim</span> <span class='ocrx_word' id='word_1_66' title='bbox 1933 962 2107 1014; x_wconf 75' lang='lat' dir='ltr'>scitote</span> <span class='ocrx_word' id='word_1_67' title='bbox 2153 964 2431 1041; x_wconf 65' lang='lat' dir='ltr'>intelligen-</span> 
     </span>
     <span class='ocr_line' id='line_1_9' title="bbox 637 975 2432 1096; baseline 0.001 -18"><span class='ocrx_word' id='word_1_68' title='bbox 637 1029 735 1092; x_wconf 85' lang='lat' dir='ltr'>Qui</span> <span class='ocrx_word' id='word_1_69' title='bbox 760 1029 1021 1078; x_wconf 70' lang='lat' dir='ltr'>descendit</span> <span class='ocrx_word' id='word_1_70' title='bbox 1042 1068 1053 1089; x_wconf 92' lang='lat'>,</span> <span class='ocrx_word' id='word_1_71' title='bbox 1094 1030 1200 1095; x_wconf 89' lang='lat' dir='ltr'>ipse</span> <span class='ocrx_word' id='word_1_72' title='bbox 1225 1038 1302 1078; x_wconf 87' lang='lat' dir='ltr'>est</span> <span class='ocrx_word' id='word_1_73' title='bbox 1331 1038 1383 1078; x_wconf 90' lang='lat' dir='ltr'>et</span> <span class='ocrx_word' id='word_1_74' title='bbox 1426 1029 1512 1095; x_wconf 90' lang='lat' dir='ltr'>qui</span> <span class='ocrx_word' id='word_1_75' title='bbox 1559 975 1669 1086; x_wconf 86' lang='lat' dir='ltr'>H</span> <span class='ocrx_word' id='word_1_76' title='bbox 1692 1040 1764 1079; x_wconf 86' lang='lat' dir='ltr'>tes</span> <span class='ocrx_word' id='word_1_77' title='bbox 1787 1068 1799 1091; x_wconf 85' lang='lat'><em>,</em></span> <span class='ocrx_word' id='word_1_78' title='bbox 1837 1030 1971 1096; x_wconf 90' lang='lat' dir='ltr'>quod</span> <span class='ocrx_word' id='word_1_79' title='bbox 2004 1031 2167 1079; x_wconf 87' lang='lat' dir='ltr'>omnis</span> <span class='ocrx_word' id='word_1_80' title='bbox 2204 1031 2432 1081; x_wconf 63' lang='lat' dir='ltr'>formeii-</span> 
     </span>
     <span class='ocr_line' id='line_1_10' title="bbox 636 1094 2431 1161; baseline 0.001 -17"><span class='ocrx_word' id='word_1_81' title='bbox 636 1095 865 1145; x_wconf 73' lang='lat' dir='ltr'>ascendit</span> <span class='ocrx_word' id='word_1_82' title='bbox 886 1111 1039 1161; x_wconf 90' lang='lat' dir='ltr'>super</span> <span class='ocrx_word' id='word_1_83' title='bbox 1056 1112 1231 1145; x_wconf 90' lang='lat' dir='ltr'>omnes</span> <span class='ocrx_word' id='word_1_84' title='bbox 1252 1094 1421 1157; x_wconf 85' lang='lat' dir='ltr'>coelos,</span> <span class='ocrx_word' id='word_1_85' title='bbox 1459 1104 1516 1144; x_wconf 92' lang='lat' dir='ltr'>ut</span> <span class='ocrx_word' id='word_1_86' title='bbox 1560 1106 1641 1146; x_wconf 91' lang='lat' dir='ltr'>tor</span> <span class='ocrx_word' id='word_1_87' title='bbox 1662 1135 1674 1158; x_wconf 94' lang='lat'>,</span> <span class='ocrx_word' id='word_1_88' title='bbox 1702 1105 1789 1145; x_wconf 84' lang='lat' dir='ltr'>aut</span> <span class='ocrx_word' id='word_1_89' title='bbox 1825 1094 2120 1145; x_wconf 76' lang='lat' dir='ltr'>immt&#39;mdus</span> <span class='ocrx_word' id='word_1_90' title='bbox 2146 1135 2158 1157; x_wconf 88' lang='lat'>‚</span> <span class='ocrx_word' id='word_1_91' title='bbox 2195 1104 2285 1145; x_wconf 85' lang='lat' dir='ltr'>aut</span> <span class='ocrx_word' id='word_1_92' title='bbox 2319 1098 2431 1145; x_wconf 62' lang='lat' dir='ltr'>avai-</span> 
     </span>
     <span class='ocr_line' id='line_1_11' title="bbox 638 1160 2431 1277; baseline 0.002 -68"><span class='ocrx_word' id='word_1_93' title='bbox 638 1162 875 1277; x_wconf 54' lang='lat' dir='ltr'>imflleret</span> <span class='ocrx_word' id='word_1_94' title='bbox 914 1161 1101 1210; x_wconf 78' lang='lat' dir='ltr'>omnia.</span> <span class='ocrx_word' id='word_1_95' title='bbox 1558 1179 1674 1224; x_wconf 88' lang='lat' dir='ltr'>rus,</span> <span class='ocrx_word' id='word_1_96' title='bbox 1711 1161 1847 1229; x_wconf 90' lang='lat' dir='ltr'>quod</span> <span class='ocrx_word' id='word_1_97' title='bbox 1881 1171 1957 1212; x_wconf 91' lang='lat' dir='ltr'>est</span> <span class='ocrx_word' id='word_1_98' title='bbox 1997 1163 2248 1212; x_wconf 79' lang='lat' dir='ltr'>idolorum</span> <span class='ocrx_word' id='word_1_99' title='bbox 2283 1160 2431 1212; x_wconf 75' lang='lat' dir='ltr'>servi-</span> 
     </span>
    </p>
   </div>
   <div class='ocr_carea' id='block_1_3' title="bbox 756 1227 2432 1426">
    <p class='ocr_par' dir='ltr' id='par_1_3' title="bbox 756 1227 2432 1426">
     <span class='ocr_line' id='line_1_12' title="bbox 756 1227 2432 1344; baseline 0.001 -67"><span class='ocrx_word' id='word_1_100' title='bbox 756 1227 1001 1340; x_wconf 55' lang='lat' dir='ltr'>eplezittp.</span> <span class='ocrx_word' id='word_1_101' title='bbox 1025 1232 1186 1303; x_wconf 37' lang='grc' dir='ltr'>277..υ</span> <span class='ocrx_word' id='word_1_102' title='bbox 1561 1239 1638 1278; x_wconf 88' lang='lat' dir='ltr'>tus</span> <span class='ocrx_word' id='word_1_103' title='bbox 1660 1267 1672 1288; x_wconf 92' lang='lat'>,</span> <span class='ocrx_word' id='word_1_104' title='bbox 1697 1245 1810 1344; x_wconf 45' lang='lat' dir='ltr'>mg?¹</span> <span class='ocrx_word' id='word_1_105' title='bbox 1822 1228 1977 1305; x_wconf 50' lang='lat' dir='ltr'>nabet</span> <span class='ocrx_word' id='word_1_106' title='bbox 2017 1227 2351 1344; x_wconf 42' lang='lat' dir='ltr'>llijeredlisuitem</span> <span class='ocrx_word' id='word_1_107' title='bbox 2378 1229 2432 1278; x_wconf 89' lang='lat' dir='ltr'>in</span> 
     </span>
     <span class='ocr_line' id='line_1_13' title="bbox 964 1310 2373 1344; baseline 0 -4"><span class='ocrx_word' id='word_1_108' title='bbox 964 1310 1005 1340; x_wconf 57' lang='lat' dir='ltr'>af?</span> <span class='ocrx_word' id='word_1_109' title='bbox 1026 1336 1034 1340; x_wconf 80' lang='grc'><em>.</em></span> <span class='ocrx_word' id='word_1_110' title='bbox 1080 1311 1108 1339; x_wconf 87' lang='lat' dir='ltr'>O</span> <span class='ocrx_word' id='word_1_111' title='bbox 1142 1312 1172 1340; x_wconf 80' lang='grc' dir='ltr'>ΙΙ</span> <span class='ocrx_word' id='word_1_112' title='bbox 1201 1331 1210 1340; x_wconf 81' lang='grc'><strong>.</strong></span> <span class='ocrx_word' id='word_1_113' title='bbox 2118 1332 2129 1344; x_wconf 87' lang='grc'><strong>.</strong></span> <span class='ocrx_word' id='word_1_114' title='bbox 2361 1312 2373 1325; x_wconf 80' lang='lat'>&#39;</span> 
     </span>
     <span class='ocr_line' id='line_1_14' title="bbox 1010 1303 2431 1426; baseline 0 -16"><span class='ocrx_word' id='word_1_115' title='bbox 1010 1303 1075 1342; x_wconf 57' lang='grc' dir='ltr'>(Ἣ</span> <span class='ocrx_word' id='word_1_116' title='bbox 1170 1311 1190 1356; x_wconf 84' lang='lat'>·¹</span> <span class='ocrx_word' id='word_1_117' title='bbox 1559 1311 1766 1410; x_wconf 52' lang='lat' dir='ltr'>&#39;‘Sissat</span> <span class='ocrx_word' id='word_1_118' title='bbox 1788 1303 2023 1417; x_wconf 55' lang='lat' dir='ltr'>issffsszfft</span> <span class='ocrx_word' id='word_1_119' title='bbox 2056 1308 2431 1426; x_wconf 58' lang='grc' dir='ltr'>ἷὲώῑξὟορὶὲῗ</span> 
     </span>
    </p>
   </div>
   <div class='ocr_carea' id='block_1_4' title="bbox 633 1358 2433 1889">
    <p class='ocr_par' dir='ltr' id='par_1_4' title="bbox 634 1358 2433 1816">
     <span class='ocr_line' id='line_1_15' title="bbox 641 1358 1610 1478; baseline 0.002 -70"><span class='ocrx_word' id='word_1_120' title='bbox 641 1369 759 1478; x_wconf 76' lang='grc' dir='ltr'>ΕΤ</span> <span class='ocrx_word' id='word_1_121' title='bbox 796 1360 900 1425; x_wconf 87' lang='lat' dir='ltr'>ipse</span> <span class='ocrx_word' id='word_1_122' title='bbox 932 1359 1073 1408; x_wconf 85' lang='lat' dir='ltr'><strong>dedit</strong></span> <span class='ocrx_word' id='word_1_123' title='bbox 1147 1358 1356 1408; x_wconf 87' lang='lat' dir='ltr'>uosdam</span> <span class='ocrx_word' id='word_1_124' title='bbox 1435 1359 1515 1408; x_wconf 80' lang='lat' dir='ltr'>ui-</span> <span class='ocrx_word' id='word_1_125' title='bbox 1559 1378 1610 1410; x_wconf 91' lang='lat' dir='ltr'>se</span> 
     </span>
     <span class='ocr_line' id='line_1_16' title="bbox 691 1377 2430 1493; baseline 0.001 -19"><span class='ocrx_word' id='word_1_126' title='bbox 691 1449 696 1454; x_wconf 60' lang='lat'><strong><em>¹</em></strong></span> <span class='ocrx_word' id='word_1_127' title='bbox 764 1425 884 1474; x_wconf 90' lang='lat' dir='ltr'>dem</span> <span class='ocrx_word' id='word_1_128' title='bbox 937 1377 1197 1491; x_wconf 65' lang='lat' dir='ltr'>Apostdios</span> <span class='ocrx_word' id='word_1_129' title='bbox 1219 1464 1230 1485; x_wconf 92' lang='lat'>,</span> <span class='ocrx_word' id='word_1_130' title='bbox 1269 1442 1393 1491; x_wconf 91' lang='lat' dir='ltr'>quos</span> <span class='ocrx_word' id='word_1_131' title='bbox 1431 1442 1512 1474; x_wconf 80' lang='lat' dir='ltr'>am</span> <span class='ocrx_word' id='word_1_132' title='bbox 1559 1437 1671 1493; x_wconf 89' lang='lat' dir='ltr'>pter</span> <span class='ocrx_word' id='word_1_133' title='bbox 1687 1427 1793 1476; x_wconf 79' lang='lat' dir='ltr'>haec</span> <span class='ocrx_word' id='word_1_134' title='bbox 1816 1428 1951 1476; x_wconf 90' lang='lat' dir='ltr'>enim</span> <span class='ocrx_word' id='word_1_135' title='bbox 1977 1427 2115 1476; x_wconf 80' lang='lat' dir='ltr'>venit</span> <span class='ocrx_word' id='word_1_136' title='bbox 2148 1427 2224 1476; x_wconf 84' lang='lat' dir='ltr'>ira</span> <span class='ocrx_word' id='word_1_137' title='bbox 2255 1427 2345 1476; x_wconf 89' lang='lat' dir='ltr'>Dei</span> <span class='ocrx_word' id='word_1_138' title='bbox 2377 1428 2430 1475; x_wconf 88' lang='lat' dir='ltr'>in</span> 
     </span>
     <span class='ocr_line' id='line_1_17' title="bbox 637 1487 2429 1558; baseline 0.001 -18"><span class='ocrx_word' id='word_1_139' title='bbox 637 1501 813 1541; x_wconf 86' lang='lat' dir='ltr'>autem</span> <span class='ocrx_word' id='word_1_140' title='bbox 864 1491 1137 1558; x_wconf 68' lang='lat' dir='ltr'>Prophetas</span> <span class='ocrx_word' id='word_1_141' title='bbox 1165 1531 1175 1550; x_wconf 92' lang='lat'><strong>‚</strong></span> <span class='ocrx_word' id='word_1_142' title='bbox 1228 1487 1351 1540; x_wconf 64' lang='lat' dir='ltr'>tilios</span> <span class='ocrx_word' id='word_1_143' title='bbox 1395 1509 1513 1540; x_wconf 73' lang='lat' dir='ltr'>vero</span> <span class='ocrx_word' id='word_1_144' title='bbox 1557 1494 1691 1542; x_wconf 86' lang='lat' dir='ltr'>filios</span> <span class='ocrx_word' id='word_1_145' title='bbox 1747 1493 2053 1542; x_wconf 71' lang='lat' dir='ltr'>diffidentiae.</span> <span class='ocrx_word' id='word_1_146' title='bbox 2103 1492 2266 1542; x_wconf 79' lang='lat' dir='ltr'><strong>Nolite</strong></span> <span class='ocrx_word' id='word_1_147' title='bbox 2308 1510 2429 1558; x_wconf 76' lang='lat' dir='ltr'>ergo</span> 
     </span>
     <span class='ocr_line' id='line_1_18' title="bbox 636 1556 2433 1625; baseline 0.001 -19"><span class='ocrx_word' id='word_1_148' title='bbox 636 1557 985 1625; x_wconf 83' lang='lat' dir='ltr'>Evangelistas</span> <span class='ocrx_word' id='word_1_149' title='bbox 1011 1600 1022 1618; x_wconf 83' lang='lat'><em>,</em></span> <span class='ocrx_word' id='word_1_150' title='bbox 1070 1556 1194 1606; x_wconf 69' lang='lat' dir='ltr'>zilios</span> <span class='ocrx_word' id='word_1_151' title='bbox 1223 1567 1392 1606; x_wconf 82' lang='lat' dir='ltr'>autem</span> <span class='ocrx_word' id='word_1_152' title='bbox 1430 1575 1514 1624; x_wconf 88' lang='lat' dir='ltr'>pa·</span> <span class='ocrx_word' id='word_1_153' title='bbox 1559 1560 1689 1608; x_wconf 70' lang='lat' dir='ltr'>effici</span> <span class='ocrx_word' id='word_1_154' title='bbox 1729 1559 1995 1624; x_wconf 82' lang='lat' dir='ltr'>participes</span> <span class='ocrx_word' id='word_1_155' title='bbox 2032 1557 2225 1608; x_wconf 76' lang='lat' dir='ltr'>eorum.</span> <span class='ocrx_word' id='word_1_156' title='bbox 2268 1560 2433 1608; x_wconf 65' lang='lat' dir='ltr'>Erzitis</span> 
     </span>
     <span class='ocr_line' id='line_1_19' title="bbox 634 1623 2428 1690; baseline 0.001 -18"><span class='ocrx_word' id='word_1_157' title='bbox 634 1624 831 1683; x_wconf 81' lang='lat' dir='ltr'>stores,</span> <span class='ocrx_word' id='word_1_158' title='bbox 860 1632 912 1672; x_wconf 90' lang='lat' dir='ltr'>et</span> <span class='ocrx_word' id='word_1_159' title='bbox 939 1623 1169 1672; x_wconf 77' lang='lat' dir='ltr'>doctores</span> <span class='ocrx_word' id='word_1_160' title='bbox 1197 1624 1262 1672; x_wconf 83' lang='lat' dir='ltr'>ad</span> <span class='ocrx_word' id='word_1_161' title='bbox 1289 1640 1514 1672; x_wconf 87' lang='lat' dir='ltr'>consum·</span> <span class='ocrx_word' id='word_1_162' title='bbox 1556 1627 1694 1674; x_wconf 89' lang='lat' dir='ltr'>enim</span> <span class='ocrx_word' id='word_1_163' title='bbox 1719 1624 1990 1690; x_wconf 79' lang='lat' dir='ltr'>aliqmindo</span> <span class='ocrx_word' id='word_1_164' title='bbox 2009 1624 2228 1674; x_wconf 75' lang='lat' dir='ltr'>tenebrae</span> <span class='ocrx_word' id='word_1_165' title='bbox 2257 1643 2267 1672; x_wconf 74' lang='grc' dir='ltr'><strong><em>ι</em></strong></span> <span class='ocrx_word' id='word_1_166' title='bbox 2292 1641 2428 1673; x_wconf 85' lang='lat' dir='ltr'>nunc</span> 
     </span>
     <span class='ocr_line' id='line_1_20' title="bbox 634 1689 2428 1756; baseline 0.001 -18"><span class='ocrx_word' id='word_1_167' title='bbox 634 1691 918 1739; x_wconf 76' lang='lat' dir='ltr'>mationem</span> <span class='ocrx_word' id='word_1_168' title='bbox 959 1691 1246 1739; x_wconf 79' lang='lat' dir='ltr'>sanctorum</span> <span class='ocrx_word' id='word_1_169' title='bbox 1287 1689 1338 1738; x_wconf 90' lang='lat' dir='ltr'>in</span> <span class='ocrx_word' id='word_1_170' title='bbox 1387 1707 1513 1756; x_wconf 88' lang='lat' dir='ltr'>opus</span> <span class='ocrx_word' id='word_1_171' title='bbox 1557 1701 1727 1740; x_wconf 83' lang='lat' dir='ltr'>autem</span> <span class='ocrx_word' id='word_1_172' title='bbox 1760 1691 1844 1740; x_wconf 84' lang='lat' dir='ltr'>lux</span> <span class='ocrx_word' id='word_1_173' title='bbox 1889 1692 1941 1738; x_wconf 90' lang='lat' dir='ltr'>in</span> <span class='ocrx_word' id='word_1_174' title='bbox 1976 1691 2209 1740; x_wconf 79' lang='lat' dir='ltr'>Domino.</span> <span class='ocrx_word' id='word_1_175' title='bbox 2240 1692 2306 1740; x_wconf 94' lang='lat' dir='ltr'>Ut</span> <span class='ocrx_word' id='word_1_176' title='bbox 2335 1691 2428 1739; x_wconf 84' lang='lat' dir='ltr'>filii</span> 
     </span>
     <span class='ocr_line' id='line_1_21' title="bbox 634 1754 1975 1816; baseline 0 -12"><span class='ocrx_word' id='word_1_177' title='bbox 634 1756 903 1805; x_wconf 71' lang='lat' dir='ltr'>ministerii</span> <span class='ocrx_word' id='word_1_178' title='bbox 944 1794 956 1816; x_wconf 89' lang='lat'>,</span> <span class='ocrx_word' id='word_1_179' title='bbox 1020 1757 1073 1804; x_wconf 90' lang='lat' dir='ltr'>in</span> <span class='ocrx_word' id='word_1_180' title='bbox 1128 1755 1510 1805; x_wconf 66' lang='lat' dir='ltr'>aedificationem</span> <span class='ocrx_word' id='word_1_181' title='bbox 1557 1759 1680 1806; x_wconf 86' lang='lat' dir='ltr'>lucis</span> <span class='ocrx_word' id='word_1_182' title='bbox 1703 1754 1975 1806; x_wconf 73' lang='lat' dir='ltr'>ambulzite.</span> 
     </span>
    </p>

    <p class='ocr_par' dir='ltr' id='par_1_5' title="bbox 633 1821 2236 1889">
     <span class='ocr_line' id='line_1_22' title="bbox 633 1821 2236 1889; baseline -0.001 -18"><span class='ocrx_word' id='word_1_183' title='bbox 633 1822 867 1888; x_wconf 79' lang='lat' dir='ltr'>corporis</span> <span class='ocrx_word' id='word_1_184' title='bbox 890 1822 1072 1871; x_wconf 80' lang='lat' dir='ltr'>Christi</span> <span class='ocrx_word' id='word_1_185' title='bbox 1101 1839 1112 1870; x_wconf 89' lang='lat'>:</span> <span class='ocrx_word' id='word_1_186' title='bbox 1150 1821 1312 1871; x_wconf 89' lang='lat' dir='ltr'>donec</span> <span class='ocrx_word' id='word_1_187' title='bbox 1342 1838 1512 1871; x_wconf 85' lang='lat' dir='ltr'>occur·</span> <span class='ocrx_word' id='word_1_188' title='bbox 1556 1834 1606 1889; x_wconf 65' lang='grc' dir='ltr'>η).</span> <span class='ocrx_word' id='word_1_189' title='bbox 1633 1823 1971 1872; x_wconf 78' lang='lat' dir='ltr'>Misericordia</span> <span class='ocrx_word' id='word_1_190' title='bbox 1995 1832 2095 1872; x_wconf 87' lang='lat' dir='ltr'>tua.</span> <span class='ocrx_word' id='word_1_191' title='bbox 2120 1825 2236 1872; x_wconf 90' lang='grc'><strong>278.</strong></span> 
     </span>
    </p>
   </div>
   <div class='ocr_carea' id='block_1_5' title="bbox 634 1887 2424 2087">
    <p class='ocr_par' dir='ltr' id='par_1_6' title="bbox 634 1887 2424 2087">
     <span class='ocr_line' id='line_1_23' title="bbox 636 1887 2127 1950; baseline -0.003 -13"><span class='ocrx_word' id='word_1_192' title='bbox 636 1905 817 1937; x_wconf 83' lang='lat' dir='ltr'>ramus</span> <span class='ocrx_word' id='word_1_193' title='bbox 834 1889 1015 1937; x_wconf 81' lang='lat' dir='ltr'>omnes&#39;</span> <span class='ocrx_word' id='word_1_194' title='bbox 1029 1889 1080 1936; x_wconf 91' lang='lat' dir='ltr'>in</span> <span class='ocrx_word' id='word_1_195' title='bbox 1098 1888 1345 1936; x_wconf 67' lang='lat' dir='ltr'>unitzitem</span> <span class='ocrx_word' id='word_1_196' title='bbox 1367 1888 1509 1948; x_wconf 88' lang='lat' dir='ltr'>fidei,</span> <span class='ocrx_word' id='word_1_197' title='bbox 1867 1890 2034 1937; x_wconf 79' lang='lat' dir='ltr'>Lectio</span> <span class='ocrx_word' id='word_1_198' title='bbox 2059 1887 2127 1950; x_wconf 83' lang='lat' dir='ltr'>iij.</span> 
     </span>
     <span class='ocr_line' id='line_1_24' title="bbox 634 1953 2424 2021; baseline 0 -19"><span class='ocrx_word' id='word_1_199' title='bbox 634 1964 692 2003; x_wconf 88' lang='lat' dir='ltr'>et</span> <span class='ocrx_word' id='word_1_200' title='bbox 714 1954 986 2021; x_wconf 78' lang='lat' dir='ltr'>agnitionis</span> <span class='ocrx_word' id='word_1_201' title='bbox 1008 1953 1115 2002; x_wconf 81' lang='lat' dir='ltr'>Filii</span> <span class='ocrx_word' id='word_1_202' title='bbox 1138 1954 1255 2015; x_wconf 90' lang='lat' dir='ltr'>Dei,</span> <span class='ocrx_word' id='word_1_203' title='bbox 1272 1955 1322 2002; x_wconf 90' lang='lat' dir='ltr'>in</span> <span class='ocrx_word' id='word_1_204' title='bbox 1348 1955 1510 2003; x_wconf 90' lang='lat' dir='ltr'>virum</span> <span class='ocrx_word' id='word_1_205' title='bbox 1651 1972 1814 2004; x_wconf 68' lang='lat' dir='ltr'>nuci-us</span> <span class='ocrx_word' id='word_1_206' title='bbox 1827 1955 1963 2004; x_wconf 90' lang='lat' dir='ltr'>enim</span> <span class='ocrx_word' id='word_1_207' title='bbox 1978 1955 2101 2004; x_wconf 89' lang='lat' dir='ltr'>lucis</span> <span class='ocrx_word' id='word_1_208' title='bbox 2118 1963 2194 2006; x_wconf 79' lang='lat' dir='ltr'>est</span> <span class='ocrx_word' id='word_1_209' title='bbox 2216 1955 2267 2002; x_wconf 91' lang='lat' dir='ltr'>in</span> <span class='ocrx_word' id='word_1_210' title='bbox 2287 1956 2424 2003; x_wconf 90' lang='lat' dir='ltr'>omni</span> 
     </span>
     <span class='ocr_line' id='line_1_25' title="bbox 634 2017 2424 2087; baseline 0.001 -18"><span class='ocrx_word' id='word_1_211' title='bbox 634 2021 923 2085; x_wconf 70' lang='lat' dir='ltr'>perfectum</span> <span class='ocrx_word' id='word_1_212' title='bbox 940 2020 1027 2079; x_wconf 86' lang='lat' dir='ltr'>‚&#39;in</span> <span class='ocrx_word' id='word_1_213' title='bbox 1045 2019 1332 2069; x_wconf 69' lang='lat' dir='ltr'>mensnram</span> <span class='ocrx_word' id='word_1_214' title='bbox 1357 2021 1514 2070; x_wconf 69' lang='lat' dir='ltr'>aetzitis</span> <span class='ocrx_word' id='word_1_215' title='bbox 1689 2017 1915 2070; x_wconf 66' lang='lat' dir='ltr'>bonitaeite</span> <span class='ocrx_word' id='word_1_216' title='bbox 1940 2060 1951 2082; x_wconf 90' lang='lat'>‚</span> <span class='ocrx_word' id='word_1_217' title='bbox 2006 2030 2057 2069; x_wconf 88' lang='lat' dir='ltr'>et</span> <span class='ocrx_word' id='word_1_218' title='bbox 2104 2020 2301 2087; x_wconf 84' lang='lat' dir='ltr'>justitia</span> <span class='ocrx_word' id='word_1_219' title='bbox 2321 2059 2333 2082; x_wconf 92' lang='lat'>,</span> <span class='ocrx_word' id='word_1_220' title='bbox 2378 2031 2424 2070; x_wconf 90' lang='lat' dir='ltr'>et</span> 
     </span>
    </p>
   </div>
   <div class='ocr_carea' id='block_1_6' title="bbox 632 2085 2436 3608">
    <p class='ocr_par' dir='ltr' id='par_1_7' title="bbox 634 2085 2436 3066">
     <span class='ocr_line' id='line_1_26' title="bbox 636 2085 2433 2154; baseline 0.001 -20"><span class='ocrx_word' id='word_1_221' title='bbox 636 2086 969 2152; x_wconf 77' lang='lat' dir='ltr'>pleninidinis</span> <span class='ocrx_word' id='word_1_222' title='bbox 988 2085 1170 2135; x_wconf 78' lang='lat' dir='ltr'>Christi</span> <span class='ocrx_word' id='word_1_223' title='bbox 1185 2096 1264 2135; x_wconf 91' lang='lat' dir='ltr'>:ut</span> <span class='ocrx_word' id='word_1_224' title='bbox 1278 2088 1386 2152; x_wconf 87' lang='lat' dir='ltr'>jam</span> <span class='ocrx_word' id='word_1_225' title='bbox 1410 2104 1513 2135; x_wconf 89' lang='lat' dir='ltr'>non</span> <span class='ocrx_word' id='word_1_226' title='bbox 1557 2085 1765 2137; x_wconf 66' lang='lat' dir='ltr'>veritaite</span> <span class='ocrx_word' id='word_1_227' title='bbox 1789 2106 1798 2135; x_wconf 95' lang='lat'><strong>:</strong></span> <span class='ocrx_word' id='word_1_228' title='bbox 1826 2087 2100 2154; x_wconf 73' lang='lat' dir='ltr'>proba&#39;mtes</span> <span class='ocrx_word' id='word_1_229' title='bbox 2116 2086 2237 2152; x_wconf 89' lang='lat' dir='ltr'>quid</span> <span class='ocrx_word' id='word_1_230' title='bbox 2267 2088 2331 2136; x_wconf 88' lang='lat' dir='ltr'>sit</span> <span class='ocrx_word' id='word_1_231' title='bbox 2353 2086 2433 2135; x_wconf 88' lang='lat' dir='ltr'>be-</span> 
     </span>
     <span class='ocr_line' id='line_1_27' title="bbox 634 2152 2431 2219; baseline 0.001 -19"><span class='ocrx_word' id='word_1_232' title='bbox 634 2154 797 2201; x_wconf 83' lang='lat' dir='ltr'>simus</span> <span class='ocrx_word' id='word_1_233' title='bbox 839 2152 1031 2217; x_wconf 68' lang='lat' dir='ltr'>pzirvuli</span> <span class='ocrx_word' id='word_1_234' title='bbox 1086 2152 1388 2202; x_wconf 76' lang='lat' dir='ltr'>ssuctmintes</span> <span class='ocrx_word' id='word_1_235' title='bbox 1409 2191 1422 2213; x_wconf 86' lang='lat'>‚</span> <span class='ocrx_word' id='word_1_236' title='bbox 1464 2163 1516 2202; x_wconf 88' lang='lat' dir='ltr'>et</span> <span class='ocrx_word' id='word_1_237' title='bbox 1559 2154 1863 2219; x_wconf 68' lang='lat' dir='ltr'>neplzicitum</span> <span class='ocrx_word' id='word_1_238' title='bbox 1890 2155 1993 2202; x_wconf 91' lang='lat' dir='ltr'>Deo</span> <span class='ocrx_word' id='word_1_239' title='bbox 2016 2192 2026 2213; x_wconf 92' lang='lat'><strong><em>‚</em></strong></span> <span class='ocrx_word' id='word_1_240' title='bbox 2054 2162 2105 2201; x_wconf 86' lang='lat' dir='ltr'>et</span> <span class='ocrx_word' id='word_1_241' title='bbox 2127 2152 2283 2201; x_wconf 88' lang='lat' dir='ltr'>nolite</span> <span class='ocrx_word' id='word_1_242' title='bbox 2300 2170 2431 2201; x_wconf 87' lang='lat' dir='ltr'>com-</span> 
     </span>
     <span class='ocr_line' id='line_1_28' title="bbox 635 2215 2435 2285; baseline 0.001 -18"><span class='ocrx_word' id='word_1_243' title='bbox 635 2219 1064 2267; x_wconf 58' lang='lat' dir='ltr'>circumferamur</span> <span class='ocrx_word' id='word_1_244' title='bbox 1086 2220 1224 2267; x_wconf 89' lang='lat' dir='ltr'>omni</span> <span class='ocrx_word' id='word_1_245' title='bbox 1255 2229 1404 2268; x_wconf 86' lang='lat' dir='ltr'>vento</span> <span class='ocrx_word' id='word_1_246' title='bbox 1425 2219 1513 2268; x_wconf 89' lang='lat' dir='ltr'>do·</span> <span class='ocrx_word' id='word_1_247' title='bbox 1559 2221 1818 2268; x_wconf 70' lang='lat' dir='ltr'>municfire</span> <span class='ocrx_word' id='word_1_248' title='bbox 1844 2215 2077 2285; x_wconf 77' lang='lat' dir='ltr'>operibus</span> <span class='ocrx_word' id='word_1_249' title='bbox 2111 2218 2435 2268; x_wconf 73' lang='lat' dir='ltr'>infructuosis</span> 
     </span>
     <span class='ocr_line' id='line_1_29' title="bbox 634 2283 2436 2351; baseline 0.001 -19"><span class='ocrx_word' id='word_1_250' title='bbox 634 2284 815 2333; x_wconf 85' lang='lat' dir='ltr'>ctrinae</span> <span class='ocrx_word' id='word_1_251' title='bbox 834 2285 885 2333; x_wconf 89' lang='lat' dir='ltr'>in</span> <span class='ocrx_word' id='word_1_252' title='bbox 911 2284 1131 2350; x_wconf 74' lang='lat' dir='ltr'>nequitia</span> <span class='ocrx_word' id='word_1_253' title='bbox 1154 2283 1434 2346; x_wconf 72' lang='lat' dir='ltr'>hominum,</span> <span class='ocrx_word' id='word_1_254' title='bbox 1463 2286 1513 2333; x_wconf 90' lang='lat' dir='ltr'>in</span> <span class='ocrx_word' id='word_1_255' title='bbox 1561 2286 1908 2345; x_wconf 67' lang='lat' dir='ltr'>tenebraeirum,</span> <span class='ocrx_word' id='word_1_256' title='bbox 1937 2286 2095 2351; x_wconf 80' lang='lat' dir='ltr'>magis</span> <span class='ocrx_word' id='word_1_257' title='bbox 2136 2294 2305 2333; x_wconf 87' lang='lat' dir='ltr'>autem</span> <span class='ocrx_word' id='word_1_258' title='bbox 2351 2302 2436 2335; x_wconf 85' lang='lat' dir='ltr'>re·-</span> 
     </span>
     <span class='ocr_line' id='line_1_30' title="bbox 636 2350 2435 2419; baseline 0.001 -20"><span class='ocrx_word' id='word_1_259' title='bbox 636 2350 827 2399; x_wconf 72' lang='lat' dir='ltr'>astiitia</span> <span class='ocrx_word' id='word_1_260' title='bbox 853 2350 918 2399; x_wconf 85' lang='lat' dir='ltr'>ad</span> <span class='ocrx_word' id='word_1_261' title='bbox 948 2352 1426 2400; x_wconf 75' lang='lat' dir='ltr'>circumventionem</span> <span class='ocrx_word' id='word_1_262' title='bbox 1447 2369 1516 2400; x_wconf 88' lang='lat' dir='ltr'>er·</span> <span class='ocrx_word' id='word_1_263' title='bbox 1559 2351 1808 2419; x_wconf 75' lang='lat' dir='ltr'>dargi&#39;iite.</span> <span class='ocrx_word' id='word_1_264' title='bbox 1836 2352 1954 2413; x_wconf 84' lang='lat' dir='ltr'>Quae</span> <span class='ocrx_word' id='word_1_265' title='bbox 1978 2352 2114 2399; x_wconf 74' lang='lat' dir='ltr'>enim</span> <span class='ocrx_word' id='word_1_266' title='bbox 2149 2351 2202 2399; x_wconf 87' lang='lat' dir='ltr'>in</span> <span class='ocrx_word' id='word_1_267' title='bbox 2238 2350 2435 2401; x_wconf 79' lang='lat' dir='ltr'>ocmilto</span> 
     </span>
     <span class='ocr_line' id='line_1_31' title="bbox 638 2413 2433 2483; baseline 0 -18"><span class='ocrx_word' id='word_1_268' title='bbox 638 2417 784 2465; x_wconf 75' lang='lat' dir='ltr'>roris.</span> <span class='ocrx_word' id='word_1_269' title='bbox 823 2413 1099 2466; x_wconf 70' lang='lat' dir='ltr'>Veritzitem</span> <span class='ocrx_word' id='word_1_270' title='bbox 1135 2426 1303 2465; x_wconf 88' lang='lat' dir='ltr'>autem</span> <span class='ocrx_word' id='word_1_271' title='bbox 1328 2418 1514 2467; x_wconf 74' lang='lat' dir='ltr'>facien·</span> <span class='ocrx_word' id='word_1_272' title='bbox 1561 2419 1690 2467; x_wconf 87' lang='lat' dir='ltr'>fiunt</span> <span class='ocrx_word' id='word_1_273' title='bbox 1714 2418 1778 2467; x_wconf 81' lang='lat' dir='ltr'>ab</span> <span class='ocrx_word' id='word_1_274' title='bbox 1809 2418 1929 2483; x_wconf 89' lang='lat' dir='ltr'>ipsis</span> <span class='ocrx_word' id='word_1_275' title='bbox 1952 2456 1964 2476; x_wconf 90' lang='lat'>,</span> <span class='ocrx_word' id='word_1_276' title='bbox 1993 2427 2138 2483; x_wconf 80' lang='lat' dir='ltr'>turpe</span> <span class='ocrx_word' id='word_1_277' title='bbox 2174 2426 2250 2465; x_wconf 89' lang='lat' dir='ltr'>est</span> <span class='ocrx_word' id='word_1_278' title='bbox 2274 2426 2324 2466; x_wconf 92' lang='lat' dir='ltr'>et</span> <span class='ocrx_word' id='word_1_279' title='bbox 2360 2417 2433 2465; x_wconf 84' lang='lat' dir='ltr'>(li-</span> 
     </span>
     <span class='ocr_line' id='line_1_32' title="bbox 636 2482 2432 2548; baseline 0 -17"><span class='ocrx_word' id='word_1_280' title='bbox 636 2491 717 2531; x_wconf 53' lang='lat' dir='ltr'>tes*</span> <span class='ocrx_word' id='word_1_281' title='bbox 746 2483 802 2530; x_wconf 87' lang='lat' dir='ltr'>in</span> <span class='ocrx_word' id='word_1_282' title='bbox 842 2482 1086 2532; x_wconf 66' lang='lat' dir='ltr'>charitaite</span> <span class='ocrx_word' id='word_1_283' title='bbox 1109 2526 1120 2543; x_wconf 85' lang='lat'>,</span> <span class='ocrx_word' id='word_1_284' title='bbox 1154 2484 1437 2533; x_wconf 65' lang='lat' dir='ltr'>crescaimus</span> <span class='ocrx_word' id='word_1_285' title='bbox 1462 2484 1513 2532; x_wconf 89' lang='lat' dir='ltr'>in</span> <span class='ocrx_word' id='word_1_286' title='bbox 1558 2502 1689 2533; x_wconf 86' lang='lat' dir='ltr'>cere.</span> <span class='ocrx_word' id='word_1_287' title='bbox 1734 2484 1917 2533; x_wconf 79' lang='lat' dir='ltr'>Omnia</span> <span class='ocrx_word' id='word_1_288' title='bbox 1951 2492 2121 2531; x_wconf 84' lang='lat' dir='ltr'>autem</span> <span class='ocrx_word' id='word_1_289' title='bbox 2146 2521 2157 2543; x_wconf 90' lang='lat'><strong><em>,</em></strong></span> <span class='ocrx_word' id='word_1_290' title='bbox 2205 2500 2315 2548; x_wconf 86' lang='lat' dir='ltr'>quae</span> <span class='ocrx_word' id='word_1_291' title='bbox 2356 2499 2432 2531; x_wconf 87' lang='lat' dir='ltr'>ar-</span> 
     </span>
     <span class='ocr_line' id='line_1_33' title="bbox 635 2547 2431 2617; baseline 0.001 -21"><span class='ocrx_word' id='word_1_292' title='bbox 635 2548 725 2597; x_wconf 72' lang='lat' dir='ltr'>illo</span> <span class='ocrx_word' id='word_1_293' title='bbox 761 2565 851 2614; x_wconf 90' lang='lat' dir='ltr'>per</span> <span class='ocrx_word' id='word_1_294' title='bbox 878 2550 1082 2609; x_wconf 76' lang='lat' dir='ltr'>omnia,</span> <span class='ocrx_word' id='word_1_295' title='bbox 1122 2550 1205 2613; x_wconf 89' lang='lat' dir='ltr'>qui</span> <span class='ocrx_word' id='word_1_296' title='bbox 1253 2560 1329 2599; x_wconf 88' lang='lat' dir='ltr'>est</span> <span class='ocrx_word' id='word_1_297' title='bbox 1363 2560 1515 2617; x_wconf 84' lang='lat' dir='ltr'>caput</span> <span class='ocrx_word' id='word_1_298' title='bbox 1558 2551 1782 2617; x_wconf 74' lang='lat' dir='ltr'>gutintur</span> <span class='ocrx_word' id='word_1_299' title='bbox 1803 2588 1814 2610; x_wconf 92' lang='lat'>‚</span> <span class='ocrx_word' id='word_1_300' title='bbox 1843 2566 1872 2597; x_wconf 84' lang='lat' dir='ltr'>a</span> <span class='ocrx_word' id='word_1_301' title='bbox 1896 2549 2085 2597; x_wconf 78' lang='lat' dir='ltr'>himine</span> <span class='ocrx_word' id='word_1_302' title='bbox 2112 2547 2431 2598; x_wconf 65' lang='lat' dir='ltr'>manifestaein·</span> 
     </span>
     <span class='ocr_line' id='line_1_34' title="bbox 634 2614 2427 2681; baseline 0.001 -19"><span class='ocrx_word' id='word_1_303' title='bbox 634 2614 882 2663; x_wconf 89' lang='lat' dir='ltr'>Christus.</span> <span class='ocrx_word' id='word_1_304' title='bbox 1562 2626 1642 2665; x_wconf 87' lang='lat' dir='ltr'>tur</span> <span class='ocrx_word' id='word_1_305' title='bbox 1670 2635 1680 2664; x_wconf 90' lang='lat'>:</span> <span class='ocrx_word' id='word_1_306' title='bbox 1708 2632 1858 2665; x_wconf 88' lang='lat' dir='ltr'>omne</span> <span class='ocrx_word' id='word_1_307' title='bbox 1882 2616 2019 2663; x_wconf 91' lang='lat' dir='ltr'>enim</span> <span class='ocrx_word' id='word_1_308' title='bbox 2054 2614 2188 2681; x_wconf 86' lang='lat' dir='ltr'>quod</span> <span class='ocrx_word' id='word_1_309' title='bbox 2214 2616 2427 2664; x_wconf 84' lang='lat' dir='ltr'>manife—</span> 
     </span>
     <span class='ocr_line' id='line_1_35' title="bbox 712 2676 2430 2747; baseline 0 -18"><span class='ocrx_word' id='word_1_310' title='bbox 712 2680 1020 2729; x_wconf 77' lang='lat' dir='ltr'>Gaudebunt</span> <span class='ocrx_word' id='word_1_311' title='bbox 1044 2676 1192 2729; x_wconf 63' lang='lat' dir='ltr'>laibia.</span> <span class='ocrx_word' id='word_1_312' title='bbox 1222 2684 1336 2731; x_wconf 88' lang='grc'><strong>278.</strong></span> <span class='ocrx_word' id='word_1_313' title='bbox 1558 2679 1738 2742; x_wconf 63' lang='grc' dir='ltr'>δαίων,</span> <span class='ocrx_word' id='word_1_314' title='bbox 1767 2682 1935 2730; x_wconf 88' lang='lat' dir='ltr'>lumen</span> <span class='ocrx_word' id='word_1_315' title='bbox 1959 2690 2049 2731; x_wconf 87' lang='lat' dir='ltr'>est.</span> <span class='ocrx_word' id='word_1_316' title='bbox 2073 2683 2430 2747; x_wconf 70' lang='lat' dir='ltr'>Propter-quod</span> 
     </span>
     <span class='ocr_line' id='line_1_36' title="bbox 859 2745 2431 2815; baseline 0.001 -20"><span class='ocrx_word' id='word_1_317' title='bbox 859 2745 1045 2795; x_wconf 80' lang='lat' dir='ltr'>FEmA</span> <span class='ocrx_word' id='word_1_318' title='bbox 1080 2746 1306 2795; x_wconf 84' lang='lat' dir='ltr'><strong>SEXTA.</strong></span> <span class='ocrx_word' id='word_1_319' title='bbox 1557 2749 1681 2797; x_wconf 85' lang='lat' dir='ltr'>dicit</span> <span class='ocrx_word' id='word_1_320' title='bbox 1730 2766 1741 2796; x_wconf 80' lang='lat' dir='ltr'><strong><em>z</em></strong></span> <span class='ocrx_word' id='word_1_321' title='bbox 1785 2749 1942 2815; x_wconf 81' lang='lat' dir='ltr'>Surge</span> <span class='ocrx_word' id='word_1_322' title='bbox 1989 2748 2073 2813; x_wconf 90' lang='lat' dir='ltr'>qui</span> <span class='ocrx_word' id='word_1_323' title='bbox 2114 2746 2305 2796; x_wconf 77' lang='lat' dir='ltr'>dormis</span> <span class='ocrx_word' id='word_1_324' title='bbox 2332 2786 2343 2808; x_wconf 87' lang='lat'>‚</span> <span class='ocrx_word' id='word_1_325' title='bbox 2381 2758 2431 2797; x_wconf 91' lang='lat' dir='ltr'>et</span> 
     </span>
     <span class='ocr_line' id='line_1_37' title="bbox 735 2812 2428 2880; baseline -0.001 -17"><span class='ocrx_word' id='word_1_326' title='bbox 735 2815 809 2863; x_wconf 87' lang='lat' dir='ltr'>De</span> <span class='ocrx_word' id='word_1_327' title='bbox 831 2812 1054 2879; x_wconf 77' lang='lat' dir='ltr'>Epistola</span> <span class='ocrx_word' id='word_1_328' title='bbox 1077 2812 1141 2861; x_wconf 87' lang='lat' dir='ltr'>ad</span> <span class='ocrx_word' id='word_1_329' title='bbox 1167 2813 1420 2878; x_wconf 65' lang='lat' dir='ltr'>Ephesios.</span> <span class='ocrx_word' id='word_1_330' title='bbox 1558 2815 1743 2880; x_wconf 76' lang='lat' dir='ltr'>exiirge</span> <span class='ocrx_word' id='word_1_331' title='bbox 1774 2831 1805 2863; x_wconf 84' lang='lat' dir='ltr'>a</span> <span class='ocrx_word' id='word_1_332' title='bbox 1839 2814 2048 2863; x_wconf 74' lang='lat' dir='ltr'>mot-tuis</span> <span class='ocrx_word' id='word_1_333' title='bbox 2066 2852 2077 2871; x_wconf 92' lang='lat'>,</span> <span class='ocrx_word' id='word_1_334' title='bbox 2106 2823 2157 2863; x_wconf 89' lang='lat' dir='ltr'>et</span> <span class='ocrx_word' id='word_1_335' title='bbox 2180 2814 2428 2862; x_wconf 81' lang='lat' dir='ltr'>illumimi-</span> 
     </span>
     <span class='ocr_line' id='line_1_38' title="bbox 859 2880 1994 2945; baseline 0.003 -20"><span class='ocrx_word' id='word_1_336' title='bbox 859 2882 1081 2943; x_wconf 66' lang='lat' dir='ltr'>Levtioj.</span> <span class='ocrx_word' id='word_1_337' title='bbox 1112 2883 1232 2945; x_wconf 79' lang='lat' dir='ltr'>Cap.</span> <span class='ocrx_word' id='word_1_338' title='bbox 1263 2883 1309 2928; x_wconf 88' lang='lat'>5.</span> <span class='ocrx_word' id='word_1_339' title='bbox 1557 2882 1632 2930; x_wconf 90' lang='lat' dir='ltr'>bit</span> <span class='ocrx_word' id='word_1_340' title='bbox 1669 2889 1714 2929; x_wconf 86' lang='lat' dir='ltr'>te</span> <span class='ocrx_word' id='word_1_341' title='bbox 1755 2880 1994 2929; x_wconf 86' lang='lat' dir='ltr'>Christus.</span> 
     </span>
     <span class='ocr_line' id='line_1_39' title="bbox 634 2946 2068 3066; baseline 0 -72"><span class='ocrx_word' id='word_1_342' title='bbox 634 2955 873 3066; x_wconf 72' lang='lat' dir='ltr'>Es‘ro‘rss</span> <span class='ocrx_word' id='word_1_343' title='bbox 911 2962 967 2994; x_wconf 87' lang='lat' dir='ltr'>er</span> <span class='ocrx_word' id='word_1_344' title='bbox 1001 2963 1030 2994; x_wconf 94' lang='lat' dir='ltr'>o</span> <span class='ocrx_word' id='word_1_345' title='bbox 1068 2946 1345 2994; x_wconf 77' lang='lat' dir='ltr'>imitatores</span> <span class='ocrx_word' id='word_1_346' title='bbox 1376 2946 1466 2994; x_wconf 87' lang='lat' dir='ltr'>Dei</span> <span class='ocrx_word' id='word_1_347' title='bbox 1497 2985 1507 3004; x_wconf 82' lang='grc'>,</span> <span class='ocrx_word' id='word_1_348' title='bbox 1561 2959 1610 3002; x_wconf 63' lang='lat' dir='ltr'>rc.</span> <span class='ocrx_word' id='word_1_349' title='bbox 1635 2948 1813 2996; x_wconf 86' lang='lat' dir='ltr'>Factus</span> <span class='ocrx_word' id='word_1_350' title='bbox 1834 2956 1924 2995; x_wconf 88' lang='lat' dir='ltr'>est.</span> <span class='ocrx_word' id='word_1_351' title='bbox 1954 2949 2068 2996; x_wconf 87' lang='grc'><strong>278.</strong></span> 
     </span>
     <span class='ocr_line' id='line_1_40' title="bbox 774 3008 2139 3063; baseline 0.001 -4"><span class='ocrx_word' id='word_1_352' title='bbox 774 3013 905 3060; x_wconf 87' lang='lat' dir='ltr'>sicut</span> <span class='ocrx_word' id='word_1_353' title='bbox 944 3013 979 3059; x_wconf 69' lang='lat' dir='ltr'>fn</span> <span class='ocrx_word' id='word_1_354' title='bbox 1003 3013 1034 3059; x_wconf 84' lang='lat' dir='ltr'>ii</span> <span class='ocrx_word' id='word_1_355' title='bbox 1084 3011 1358 3060; x_wconf 79' lang='lat' dir='ltr'>charissimi</span> <span class='ocrx_word' id='word_1_356' title='bbox 1401 3031 1411 3060; x_wconf 91' lang='lat'>:</span> <span class='ocrx_word' id='word_1_357' title='bbox 1463 3022 1512 3060; x_wconf 93' lang='lat' dir='ltr'>et</span> <span class='ocrx_word' id='word_1_358' title='bbox 1581 3008 1587 3015; x_wconf 83' lang='grc'><strong>’</strong></span> <span class='ocrx_word' id='word_1_359' title='bbox 1837 3012 2139 3063; x_wconf 81' lang='lat' dir='ltr'><strong>SABBATO.</strong></span> 
     </span>
    </p>

    <p class='ocr_par' dir='ltr' id='par_1_8' title="bbox 632 3077 2429 3608">
     <span class='ocr_line' id='line_1_41' title="bbox 634 3077 2356 3145; baseline 0 -19"><span class='ocrx_word' id='word_1_360' title='bbox 634 3077 897 3126; x_wconf 81' lang='lat' dir='ltr'>ambnhite</span> <span class='ocrx_word' id='word_1_361' title='bbox 922 3079 973 3125; x_wconf 86' lang='lat' dir='ltr'>in</span> <span class='ocrx_word' id='word_1_362' title='bbox 992 3077 1285 3138; x_wconf 79' lang='lat' dir='ltr'>dilectione,</span> <span class='ocrx_word' id='word_1_363' title='bbox 1313 3079 1441 3127; x_wconf 86' lang='lat' dir='ltr'>sicut</span> <span class='ocrx_word' id='word_1_364' title='bbox 1460 3089 1511 3126; x_wconf 90' lang='lat' dir='ltr'>et</span> <span class='ocrx_word' id='word_1_365' title='bbox 1638 3082 1712 3130; x_wconf 91' lang='lat' dir='ltr'>De</span> <span class='ocrx_word' id='word_1_366' title='bbox 1739 3078 1963 3145; x_wconf 84' lang='lat' dir='ltr'>Epistola</span> <span class='ocrx_word' id='word_1_367' title='bbox 2003 3080 2067 3127; x_wconf 83' lang='lat' dir='ltr'>ad</span> <span class='ocrx_word' id='word_1_368' title='bbox 2100 3078 2356 3145; x_wconf 67' lang='lat' dir='ltr'>Ephesios.</span> 
     </span>
     <span class='ocr_line' id='line_1_42' title="bbox 632 3143 2221 3212; baseline 0.001 -21"><span class='ocrx_word' id='word_1_369' title='bbox 632 3143 865 3192; x_wconf 85' lang='lat' dir='ltr'>Christus</span> <span class='ocrx_word' id='word_1_370' title='bbox 890 3143 1065 3193; x_wconf 70' lang='lat' dir='ltr'>dilexit</span> <span class='ocrx_word' id='word_1_371' title='bbox 1082 3160 1173 3192; x_wconf 89' lang='lat' dir='ltr'>nos</span> <span class='ocrx_word' id='word_1_372' title='bbox 1197 3183 1207 3203; x_wconf 96' lang='lat'>,</span> <span class='ocrx_word' id='word_1_373' title='bbox 1235 3153 1286 3193; x_wconf 91' lang='lat' dir='ltr'>et</span> <span class='ocrx_word' id='word_1_374' title='bbox 1307 3144 1512 3193; x_wconf 66' lang='lat' dir='ltr'>traididit</span> <span class='ocrx_word' id='word_1_375' title='bbox 1773 3148 1943 3195; x_wconf 78' lang='lat' dir='ltr'>Lectio</span> <span class='ocrx_word' id='word_1_376' title='bbox 1958 3148 1998 3209; x_wconf 80' lang='lat' dir='ltr'>j.</span> <span class='ocrx_word' id='word_1_377' title='bbox 2023 3150 2143 3212; x_wconf 84' lang='lat' dir='ltr'>Cap.</span> <span class='ocrx_word' id='word_1_378' title='bbox 2174 3149 2221 3194; x_wconf 79' lang='grc' dir='ltr'>ὓ.</span> 
     </span>
     <span class='ocr_line' id='line_1_43' title="bbox 633 3209 2429 3278; baseline 0.001 -20"><span class='ocrx_word' id='word_1_379' title='bbox 633 3210 964 3275; x_wconf 89' lang='lat' dir='ltr'>semetipsum</span> <span class='ocrx_word' id='word_1_380' title='bbox 1001 3227 1091 3276; x_wconf 90' lang='lat' dir='ltr'>pro</span> <span class='ocrx_word' id='word_1_381' title='bbox 1128 3209 1272 3258; x_wconf 87' lang='lat' dir='ltr'>nobis</span> <span class='ocrx_word' id='word_1_382' title='bbox 1309 3209 1512 3258; x_wconf 73' lang='lat' dir='ltr'>oblatio-</span> <span class='ocrx_word' id='word_1_383' title='bbox 1648 3228 1741 3272; x_wconf 76' lang='lat' dir='ltr'>im,</span> <span class='ocrx_word' id='word_1_384' title='bbox 1792 3211 1994 3260; x_wconf 87' lang='lat' dir='ltr'>obedite</span> <span class='ocrx_word' id='word_1_385' title='bbox 2030 3210 2323 3278; x_wconf 74' lang='lat' dir='ltr'>parentibus</span> <span class='ocrx_word' id='word_1_386' title='bbox 2353 3227 2429 3259; x_wconf 77' lang='lat' dir='ltr'>ve-</span> 
     </span>
     <span class='ocr_line' id='line_1_44' title="bbox 633 3275 2428 3326; baseline -0.001 -1"><span class='ocrx_word' id='word_1_387' title='bbox 633 3293 756 3325; x_wconf 87' lang='lat' dir='ltr'>nem</span> <span class='ocrx_word' id='word_1_388' title='bbox 781 3285 833 3324; x_wconf 89' lang='lat' dir='ltr'>et</span> <span class='ocrx_word' id='word_1_389' title='bbox 853 3275 1067 3324; x_wconf 81' lang='lat' dir='ltr'>hostiam</span> <span class='ocrx_word' id='word_1_390' title='bbox 1093 3277 1198 3324; x_wconf 90' lang='lat' dir='ltr'>Deo</span> <span class='ocrx_word' id='word_1_391' title='bbox 1221 3278 1272 3324; x_wconf 90' lang='lat' dir='ltr'>in</span> <span class='ocrx_word' id='word_1_392' title='bbox 1305 3275 1508 3324; x_wconf 74' lang='lat' dir='ltr'>odorem</span> <span class='ocrx_word' id='word_1_393' title='bbox 1666 3278 1779 3326; x_wconf 88' lang='lat' dir='ltr'>stris</span> <span class='ocrx_word' id='word_1_394' title='bbox 1802 3279 1854 3326; x_wconf 86' lang='lat' dir='ltr'>in</span> <span class='ocrx_word' id='word_1_395' title='bbox 1873 3277 2086 3326; x_wconf 72' lang='lat' dir='ltr'>Domino</span> <span class='ocrx_word' id='word_1_396' title='bbox 2128 3296 2139 3326; x_wconf 75' lang='grc' dir='ltr'><strong><em>ε</em></strong></span> <span class='ocrx_word' id='word_1_397' title='bbox 2171 3277 2269 3326; x_wconf 86' lang='lat' dir='ltr'>hoc</span> <span class='ocrx_word' id='word_1_398' title='bbox 2292 3277 2428 3326; x_wconf 88' lang='lat' dir='ltr'>enim</span> 
     </span>
     <span class='ocr_line' id='line_1_45' title="bbox 633 3342 2428 3409; baseline 0 -19"><span class='ocrx_word' id='word_1_399' title='bbox 633 3342 911 3391; x_wconf 75' lang='lat' dir='ltr'>suavitzitis.</span> <span class='ocrx_word' id='word_1_400' title='bbox 931 3342 1212 3391; x_wconf 71' lang='lat' dir='ltr'>Fornicaitio</span> <span class='ocrx_word' id='word_1_401' title='bbox 1237 3352 1434 3403; x_wconf 83' lang='lat' dir='ltr'>autem,</span> <span class='ocrx_word' id='word_1_402' title='bbox 1461 3352 1513 3392; x_wconf 89' lang='lat' dir='ltr'>et</span> <span class='ocrx_word' id='word_1_403' title='bbox 1547 3343 1743 3408; x_wconf 88' lang='lat' dir='ltr'>justum</span> <span class='ocrx_word' id='word_1_404' title='bbox 1816 3353 1907 3392; x_wconf 87' lang='lat' dir='ltr'>est.</span> <span class='ocrx_word' id='word_1_405' title='bbox 1968 3345 2172 3392; x_wconf 76' lang='lat' dir='ltr'>Honora</span> <span class='ocrx_word' id='word_1_406' title='bbox 2230 3353 2428 3409; x_wconf 85' lang='lat' dir='ltr'>patrem</span> 
     </span>
     <span class='ocr_line' id='line_1_46' title="bbox 633 3407 2429 3472; baseline 0 -15"><span class='ocrx_word' id='word_1_407' title='bbox 633 3409 803 3457; x_wconf 91' lang='lat' dir='ltr'>omnis</span> <span class='ocrx_word' id='word_1_408' title='bbox 832 3407 1153 3456; x_wconf 79' lang='lat' dir='ltr'>immunditia</span> <span class='ocrx_word' id='word_1_409' title='bbox 1175 3445 1186 3463; x_wconf 92' lang='lat'>,</span> <span class='ocrx_word' id='word_1_410' title='bbox 1227 3418 1315 3456; x_wconf 83' lang='lat' dir='ltr'>aut</span> <span class='ocrx_word' id='word_1_411' title='bbox 1353 3410 1510 3457; x_wconf 81' lang='lat' dir='ltr'>avari·</span> <span class='ocrx_word' id='word_1_412' title='bbox 1557 3419 1698 3457; x_wconf 88' lang='lat' dir='ltr'>tuum</span> <span class='ocrx_word' id='word_1_413' title='bbox 1727 3448 1738 3469; x_wconf 93' lang='lat'><strong>‚</strong></span> <span class='ocrx_word' id='word_1_414' title='bbox 1767 3418 1819 3458; x_wconf 91' lang='lat' dir='ltr'>et</span> <span class='ocrx_word' id='word_1_415' title='bbox 1847 3419 2061 3458; x_wconf 85' lang='lat' dir='ltr'>matrem</span> <span class='ocrx_word' id='word_1_416' title='bbox 2097 3420 2253 3459; x_wconf 85' lang='lat' dir='ltr'>tuam.</span> <span class='ocrx_word' id='word_1_417' title='bbox 2284 3409 2429 3472; x_wconf 87' lang='lat' dir='ltr'>Quod</span> 
     </span>
     <span class='ocr_line' id='line_1_47' title="bbox 634 3474 2427 3542; baseline 0 -18"><span class='ocrx_word' id='word_1_418' title='bbox 634 3475 707 3524; x_wconf 84' lang='lat' dir='ltr'>tia</span> <span class='ocrx_word' id='word_1_419' title='bbox 731 3513 743 3535; x_wconf 89' lang='lat'><strong>,</strong></span> <span class='ocrx_word' id='word_1_420' title='bbox 791 3491 886 3523; x_wconf 84' lang='lat' dir='ltr'>nec</span> <span class='ocrx_word' id='word_1_421' title='bbox 919 3474 1206 3523; x_wconf 74' lang='lat' dir='ltr'>nominetur</span> <span class='ocrx_word' id='word_1_422' title='bbox 1240 3475 1292 3522; x_wconf 88' lang='lat' dir='ltr'>in</span> <span class='ocrx_word' id='word_1_423' title='bbox 1332 3474 1470 3524; x_wconf 86' lang='lat' dir='ltr'>vobis</span> <span class='ocrx_word' id='word_1_424' title='bbox 1494 3514 1505 3536; x_wconf 90' lang='lat'>,</span> <span class='ocrx_word' id='word_1_425' title='bbox 1554 3485 1628 3524; x_wconf 91' lang='lat' dir='ltr'>est</span> <span class='ocrx_word' id='word_1_426' title='bbox 1645 3475 1942 3524; x_wconf 50' lang='lat' dir='ltr'>mandatum</span> <span class='ocrx_word' id='word_1_427' title='bbox 1979 3477 2200 3541; x_wconf 84' lang='lat' dir='ltr'>primum</span> <span class='ocrx_word' id='word_1_428' title='bbox 2231 3477 2282 3524; x_wconf 88' lang='lat' dir='ltr'>in</span> <span class='ocrx_word' id='word_1_429' title='bbox 2314 3492 2427 3542; x_wconf 85' lang='lat' dir='ltr'>pro·</span> 
     </span>
     <span class='ocr_line' id='line_1_48' title="bbox 633 3539 2429 3608; baseline 0 -18"><span class='ocrx_word' id='word_1_430' title='bbox 633 3542 769 3590; x_wconf 89' lang='lat' dir='ltr'>sicut</span> <span class='ocrx_word' id='word_1_431' title='bbox 795 3539 942 3590; x_wconf 89' lang='lat' dir='ltr'>decet</span> <span class='ocrx_word' id='word_1_432' title='bbox 964 3549 1196 3590; x_wconf 80' lang='lat' dir='ltr'>sanctos:</span> <span class='ocrx_word' id='word_1_433' title='bbox 1227 3550 1316 3590; x_wconf 84' lang='lat' dir='ltr'>aut</span> <span class='ocrx_word' id='word_1_434' title='bbox 1347 3542 1510 3608; x_wconf 85' lang='lat' dir='ltr'>turpi-</span> <span class='ocrx_word' id='word_1_435' title='bbox 1553 3542 1787 3592; x_wconf 79' lang='lat' dir='ltr'>missione</span> <span class='ocrx_word' id='word_1_436' title='bbox 1828 3561 1839 3590; x_wconf 93' lang='lat'><strong>:</strong></span> <span class='ocrx_word' id='word_1_437' title='bbox 1867 3551 1924 3591; x_wconf 89' lang='lat' dir='ltr'>ut</span> <span class='ocrx_word' id='word_1_438' title='bbox 1946 3541 2075 3591; x_wconf 89' lang='lat' dir='ltr'>bene</span> <span class='ocrx_word' id='word_1_439' title='bbox 2116 3543 2181 3592; x_wconf 91' lang='lat' dir='ltr'>sit</span> <span class='ocrx_word' id='word_1_440' title='bbox 2215 3542 2338 3604; x_wconf 88' lang='lat' dir='ltr'>tibi,</span> <span class='ocrx_word' id='word_1_441' title='bbox 2376 3551 2429 3591; x_wconf 86' lang='lat' dir='ltr'>et</span> 
     </span>
    </p>
   </div>
  </div>
 </body>
</html>
