3062 4145
1099 473 1236 520 Feria
1275 472 1450 536 quinta
1476 484 1583 537 post
1607 476 1820 523 Cineres.

557 564 656 614 illis
678 581 691 613 ε
711 572 897 614 etcum
905 565 1017 631 jam
1040 580 1144 614 non
1166 564 1315 632 longe
1353 580 1436 614 es-

558 638 637 679 set
658 646 690 679 a
711 629 867 679 domo
880 669 892 691 ,
919 632 1056 680 misit
1073 630 1139 679 ad
1163 647 1281 680 eum
1301 632 1434 680 Cen-

560 696 903 759 turio-amicos
929 735 941 759 ,
969 696 1141 747 dicens
1163 716 1173 745 :
1200 697 1430 757 Domine,

557 762 667 812 noli
690 763 861 811 vexari
902 780 1037 813 :non
1077 764 1214 812 enim
1255 761 1436 830 dignus

557 837 754 890 sum,ut
769 828 863 878 sub
874 838 1062 879 tectum
1073 846 1243 879 meum
1259 829 1431 878 intres.

567 904 615 953 af.
669 894 915 950 Domine.
960 913 1085 962 puer
1126 912 1268 945 meus
1301 896 1438 961 jacet

557 960 871 1027 paralyticus
912 962 964 1010 in
1001 961 1178 1022 domo,
1215 970 1269 1011 et'
1305 962 1437 1010 male

563 1028 849 1093 torquetur.
890 1028 919 1055 '¹'
959 1026 1122 1077 Amen
1162 1028 1276 1077 dico
1302 1028 1393 1077 tibi
1421 1066 1433 1089 ‚

560 1108 658 1159 ego
690 1094 893 1142 veniam
922 1130 934 1155 ‚
979 1104 1031 1143 et
1066 1093 1254 1143 cunibo
1300 1111 1434 1143 eum.

561 1160 608 1210 iv.
651 1160 869 1209 Domine
891 1197 903 1220 ‚
928 1176 1033 1209 non
1073 1177 1185 1208 sum
1235 1159 1435 1228 dignus,

568 1233 627 1274 ut
658 1227 815 1275 intres
855 1225 949 1275 sub
987 1235 1179 1275 tectum
1226 1243 1396 1275 meum
1423 1264 1436 1288 ,

563 1291 654 1340 sed
680 1301 881 1341 tantum
915 1291 998 1341 dic
1037 1291 1192 1342 verbo
1218 1330 1230 1352 ‚
1279 1302 1332 1342 et
1357 1309 1443 1342 sa-

565 1357 775 1408 nibitur
795 1375 923 1424 puer
941 1374 1100 1408 meus.
1122 1357 1284 1408 Amen
1305 1358 1437 1408 dico.

910 1427 1081 1474 Lectio·
1120 1427 1169 1489 ij.

604 1499 630 1528 ’Ἰ
649 1507 667 1540 1
691 1490 829 1539 enim
864 1489 960 1540 hoc
998 1491 1071 1539 ita
1113 1500 1308 1558 gestum
1333 1501 1438 1552 est,

565 1501 639 1612 b
669 1555 927 1622 quomodo
963 1557 1059 1606 erit
1088 1573 1264 1605 verum
1307 1557 1442 1622 quod

565 1623 834 1672 Matthaeus
880 1631 1054 1672 narrat
1080 1640 1091 1670 t
1117 1618 1335 1671 Accessit
1378 1623 1443 1672 ad

566 1705 686 1739 eum
737 1688 943 1754 quidam
1001 1690 1238 1738 Centurio
1274 1727 1285 1749 ,
1325 1706 1442 1738 eum

564 1756 673 1822 ipse
698 1771 802 1804 non
824 1755 1112 1815 accesserit,
1146 1754 1234 1804 sed
1257 1755 1444 1804 amicos

563 1821 764 1870 miserit
796 1837 812 1882 ;
858 1821 950 1870 nisi
973 1821 1241 1888 diligenter
1262 1821 1445 1870 adver-

563 1889 733 1937 tentes
754 1887 1091 1954 intelligamus
1113 1925 1124 1946 ,
1150 1887 1442 1936 Matthaeum

559 1971 671 2003 non
698 1953 997 2002 omnimodo
1036 1953 1316 2003 deseruisse
1339 1955 1444 2002 usi-

559 2021 735 2070 tatum
780 2035 977 2069 morem
1023 2019 1310 2086 loquendi?
1332 2020 1442 2068 Non

558 2087 736 2136 solum
778 2086 914 2135 enim
954 2084 1122 2135 dicere
1172 2081 1389 2135 sole'mus
1427 2124 1439 2146 ‚

557 2151 836 2203 accessisse
870 2152 1088 2218 aliquem
1118 2148 1270 2201 e'tiam
1306 2153 1442 2201 tinte-

558 2235 727 2287 quam
760 2219 1152 2284 perveniatilluc
1174 2256 1186 2278 ‚
1225 2235 1323 2284 quo
1363 2218 1446 2265 di-

556 2288 703 2336 citur
744 2284 1045 2345 accessisse3
1110 2284 1246 2333 unde
1292 2284 1443 2333 (itiam

558 2352 790 2401 dicimus
836 2368 847 2398 ε
892 2351 1075 2399 Parum
1101 2350 1341 2409 accessit,
1367 2350 1445 2399 vel

560 2418 792 2468 multum
817 2416 1024 2466 accessit
1057 2434 1138 2477 eo,
1166 2433 1266 2481 quo
1299 2415 1445 2481 nippe-

562 2486 633 2535 tit
696 2482 959 2549 pervenire
1012 2501 1024 2531 ι
1072 2498 1248 2532 verum
1293 2484 1446 2532 etiam

563 2552 739 2617 ipsam
808 2549 1186 2615 perventionem
1232 2587 1242 2607 ‚
1306 2549 1446 2615 cujus

564 2614 884 2683 adipiscendi
904 2631 1058 2664 causa
1079 2614 1352 2676 acceditur,
1377 2615 1446 2663 di·

568 2685 743 2734 cimus
766 2680 1063 2747 plerumque
1085 2682 1275 2730 factam
1304 2718 1316 2741 ‚
1358 2683 1447 2730 etsi

566 2765 695 2800 eum
724 2786 735 2808 ‚
773 2746 839 2796 ad
880 2764 1032 2813 quem
1061 2748 1318 2815 pervenit,
1345 2764 1448 2795 non

567 2815 748 2865 videat
779 2814 862 2862 ille
912 2814 1000 2879 qui
1053 2814 1306 2880 pervenit,
1334 2830 1449 2862 cum

570 2899 669 2950 per
714 2880 935 2929 amicum
974 2880 1207 2946 pervenit
1244 2878 1308 2927 ad
1355 2880 1452 2928 aili-

571 2964 734 3016 quem
751 2985 763 3008 ,
789 2946 933 3012 cujus
955 2947 1001 2996 ei
1018 2947 1165 2995 favor
1187 2956 1262 2995 est
1284 2962 1450 2995 neces-

573 3015 759 3065 sarius.
802 3012 946 3076 Quod
969 3014 1040 3062 ita
1060 3012 1223 3061 tenuit
1237 3029 1454 3062 eonsue-

575 3080 733 3140 ti'xdo,
763 3087 826 3128 ut
838 3079 947 3144 jam
970 3074 1124 3128 etiam
1165 3079 1316 3145 vulgo
1335 3096 1438 3145 per-

573 3146 811 3197 ventores
845 3141 1159 3211 appellentur
1187 3183 1198 3205 ‚
1239 3162 1324 3210 qui
1358 3162 1456 3211 po-

575 3213 798 3264 tentium
830 3211 1173 3276 quorsumlibet
1195 3220 1452 3277 tamquam

577 3275 951 3330 inaccessibiles
972 3278 1166 3326 animos
1188 3315 1200 3338 ‚
1227 3294 1317 3344 per
1339 3294 1452 3326 con·

577 3339 896 3397 venie'ntium
926 3344 1253 3411 persomirum
1293 3345 1456 3392 inter-

582 3411 889 3480 positionem
910 3449 923 3470 ,
982 3407 1274 3459 ambitionis
1337 3411 1454 3460 ’arte

583 3479 901 3546 pertingunt.

584 3553 615 3592 a*
665 3547 803 3596 Dum
826 3550 983 3594 staret

1009 3540 1264 3593 Abraham
1296 3542 1361 3592 ad
1389 3504 1473 3591 ili-⁴

2257 479 2353 527 335

1480 583 1588 616 cem
1628 566 1855 618 Mambre
1878 606 1890 629 ‚
1928 567 2054 617 vidit
2092 577 2191 619 tres
2226 570 2360 619 viros

1481 629 1806 683 ascendentes
1845 651 1937 701 per
1974 635 2106 683 viam
2138 636 2203 683 :.*
2238 636 2360 685 Tres

1479 698 1630 755 vidit,
1660 710 1712 750 et
1744 717 1903 749 unum
1927 700 2169 750 adoravit.
2201 703 2247 754 ᾖ.
2276 703 2361 750 Ec·

1480 782 1537 814 ce
1555 766 1693 827 Sara,
1719 783 1848 815 uxor
1869 776 1973 826 tua,
2000 766 2162 833 piu-iet
2188 766 2274 815 tibi
2300 768 2361 816 fi·

1481 831 1638 892 lium,
1691 840 1742 881 et
1784 830 1986 883 vocaibis
2030 840 2216 881 nomeu
2258 834 2363 899 ejus

1481 898 1632 947 Isaac.
1659 898 1799 947 Tres.

1789 965 1955 1013 Lectio
1990 965 2057 1029 iij.

1488 1040 1502 1092 Ἰ
1550 1039 1562 1043 “
1593 1046 1654 1078 om
1680 1045 1802 1096 ergo
1831 1028 2047 1078 absurde
2073 1028 2361 1089 Matthaeus,

1485 1039 1584 1152 N
1605 1092 1759 1145 e‘tiam
1787 1095 1924 1161 quod
1947 1096 2095 1163 vulgo
2119 1097 2273 1162 possit
2294 1096 2367 1145 in-

1488 1160 1668 1229 telligi,
1711 1177 1800 1227 per
1829 1158 1951 1210 {ilios
1993 1162 2125 1210 facto
2163 1162 2364 1212 accessu

1487 1226 1800 1276 Centurit'mis
1823 1227 1888 1276 ad
1912 1228 2184 1276 Dominum
2200 1266 2211 1288 ,
2238 1244 2368 1276 com·

1486 1294 1670 1360 pendio
1707 1293 1873 1342 dicere
1914 1294 2108 1342 voluit:
2144 1292 2363 1343 Acce‘ssit

1487 1359 1552 1408 ad
1581 1376 1697 1409 eum
1725 1359 1978 1408 Centurio.
2005 1358 2364 1410 Verumtamen

1489 1442 1590 1474 non
1635 1426 1948 1493 negligenter
2004 1423 2247 1475 intuenda
2292 1436 2367 1475 est

1488 1488 1641 1541 etiam
1669 1493 1828 1541 sancti
1850 1491 2179 1559 Evangelistae
2202 1491 2366 1541 altitu·

1488 1558 1554 1607 do
1589 1559 1808 1624 mysticae
1847 1558 2113 1606 locutionis
2136 1597 2147 1619 ‚
2182 1559 2367 1607 secun-

1487 1625 1610 1672 dum
1676 1640 1826 1690 quam
1883 1623 2123 1689 scriptum
2184 1633 2258 1672 est
2312 1625 2365 1672 in

1487 1691 1684 1739 Psalmo
1730 1709 1740 1738 :
1782 1685 2017 1739 Accedite
2042 1687 2107 1738 ad
2138 1706 2253 1739 eum
2272 1728 2284 1750 ,
2318 1699 2368 1739 et

1489 1756 1861 1805 illuminamini.
1889 1755 2106 1805 Proinde
2140 1756 2258 1821 quia
2303 1755 2370 1804 fi-

1487 1822 1603 1871 dem
1639 1821 1953 1871 Centuri6nis
1970 1860 1982 1882 ,
2020 1838 2120 1888 qua
2140 1837 2257 1870 vere
2280 1838 2369 1870 ac-

1488 1889 1683 1938 ceditur
1713 1887 1776 1937 ad
1808 1889 2007 1948 Jesum,
2034 1889 2139 1953 ipse
2161 1888 2232 1936 ita
2256 1888 2369 1935 lau-

1488 1954 1652 2010 davit,
1687 1963 1746 2002 ut
1783 1953 1974 2004 diceret
2006 1972 2017 2001 ε
2061 1953 2170 2002 Non
2200 1953 2366 2002 inveni

1491 2030 1683 2069 tantam
1719 2019 1874 2069 fidem
1907 2021 1959 2068 in
1989 2019 2137 2068 Israel
2166 2037 2177 2067 :
2204 2020 2366 2085 ipsum

1490 2086 1653 2153 potius
1697 2086 1957 2136 accessisse
2000 2085 2067 2134 ad
2116 2084 2368 2135 Clu-istum

1488 2152 1656 2202 dicere
1695 2152 1850 2202 voluit
1881 2151 2102 2218 prudens
2136 2152 2371 2219 Evange-

1490 2218 1627 2279 lista‚
1654 2236 1806 2284 quam
1831 2218 1965 2279 illos,
1994 2234 2084 2284 per
2106 2234 2233 2283 quos
2253 2234 2372 2266 ver-

1490 2285 1555 2334 ba
1579 2301 1667 2333 sua
1692 2285 1907 2335 miserat.

1493 2360 1538 2414 ις.
1567 2348 1801 2401 Tenuivit
1823 2350 2069 2400 Dominus
2093 2347 2367 2407 Abraham,

1490 2427 1542 2467 et
1563 2417 1689 2467 dixit
1712 2417 1777 2466 ad
1802 2433 1916 2466 eum
1948 2435 1959 2464 ε
1988 2417 2017 2445 *
2038 2414 2181 2464 Tolle
2204 2414 2370 2463 filium

1494 2494 1662 2542 tuum,
1699 2500 1849 2549 quem
1892 2482 2082 2549 diligis,
2129 2482 2287 2538 Isaac,
2322 2490 2374 2529 et

1493 2550 1620 2599 offer
1641 2550 1782 2598 illum
1823 2548 1892 2597 ibi
1934 2549 1983 2597 in
2024 2546 2373 2595 holocaustum

1493 2633 1642 2683 super
1683 2632 1843 2664 unum
1895 2613 2176 2672 montium,
2222 2629 2373 2677 quem

1493 2682 1666 2731 dixero
1701 2682 1810 2731 tibi.
1847 2681 1894 2731 il.
1919 2680 2137 2731 Vocatus
2166 2695 2366 2743 quoque

1495 2766 1524 2797 a
1546 2748 1788 2809 Domino,
1816 2746 2074 2813 respondit
2104 2764 2115 2794 :
2142 2743 2330 2792 Adsum
2359 2760 2372 2804 ;

1495 2824 1546 2864 et
1568 2815 1642 2863 ait
1674 2815 1719 2863 ei
1759 2813 2018 2863 Dominus.
2056 2812 2214 2861 Tolle.
2256 2808 2376 2862 Gli>-

1497 2881 1572 2929 ria
1597 2880 1748 2929 Patri.
1777 2880 1935 2929 Tolle.

1630 2946 1702 2994 Ad
1748 2946 2066 2998 Benedictus,
2113 2944 2235 2992 Αῆει.

1497 3010 1708 3061 Domine
1725 3050 1737 3072 ,
1760 3012 1780 3032 *
1803 3029 1928 3078 puer
1960 3030 2102 3062 meus
2127 3015 2265 3080 jacet
2294 3031 2377 3080 pa·

1498 3078 1733 3158 ralxticus
1755 3080 1806 3127 in
1831 3079 1983 3128 domo
1999 3118 2011 3138 ,
2038 3090 2089 3129 et
2108 3081 2243 3129 male
2269 3091 2377 3130 tor-

1498 3155 1720 3210 quetur:
1759 3144 1920 3194 Amen
1958 3145 2076 3195 dico
2118 3146 2241 3208 tibi,
2288 3164 2381 3214 ego

1497 3206 1724 3274 ve'niam,
1755 3221 1806 3260 et
1826 3209 2015 3260 curabo
2042 3228 2178 3261 eum.

1565 3277 1752 3327 Deinde
1777 3280 1967 3325 Preces.
1995 3281 2075 3327 51.

1841 3343 2027 3391 OratiO.

1613 3426 1720 3471 nus,
1763 3410 1848 3476 qui
1889 3410 2037 3475 culpa
2076 3409 2345 3459 offenderis
2368 3449 2378 3469 ,

1502 3421 1609 3531 D
1635 3477 1929 3542 poenitentia
1961 3477 2173 3542 placaris
2208 3495 2219 3525 ε
2263 3493 2383 3542 pre-

1500 3559 1582 3592 ces
1616 3543 1786 3610 populi
1820 3543 1890 3592 tui
1913 3542 2238 3610 supplicaintis
2261 3560 2382 3610 pro-
