3062 4145
736 487 824 537 Die
840 490 923 552 xij.
946 488 1062 537 Dec.
1086 503 1132 534 v.
1152 486 1284 535 infra
1303 486 1407 538 Oct.
1429 489 1633 537 lmmac.
1658 491 1894 552 Cone-opt.
1922 490 1976 535 B.
2000 490 2065 535 M.
2093 488 2148 535 V.

2245 490 2340 537 369

550 602 700 635 mum
725 593 875 650 atque
897 582 1113 633 a'lterum
1138 583 1427 649 conceptio·
1447 596 1452 613 ¹
1470 584 1760 633 Doctrinam
1809 599 1911 649 qua
1963 582 2339 631 Immaculatam

551 670 635 702 ms
677 653 868 700 instans
903 659 956 698 et
994 651 1306 699 momentum
1326 650 1428 698 dis-

549 718 791 778 crimine,
838 715 1143 774 asserebant,
1178 715 1427 765 celebrari

549 783 763 851 quidem
786 783 1190 847 conceptionem,
1215 782 1302 831 sed
1327 798 1429 830 non

552 868 649 919 pro
677 850 843 917 primo
884 848 1088 897 instanti
1124 856 1276 913 atque
1318 864 1430 896 mo-

552 916 750 967 mento.
774 914 870 980 Ipsi
893 930 1115 979 namque
1154 914 1432 963 Praedeces-

554 984 695 1033 sores
744 980 899 1031 nostri
953 980 1158 1029 sutirum
1210 981 1429 1045 partium

555 1064 665 1099 esse
700 1047 971 1107 duxerunt,
1020 1056 1070 1095 et
1133 1046 1430 1095 beatissimae

554 1114 779 1180 Virginis
824 1113 1173 1179 Conceptionis
1211 1114 1428 1173 Festum,

564 1191 617 1232 et
632 1180 1026 1245 Conceptionem
1052 1196 1143 1245 pro
1160 1180 1323 1244 primo
1363 1181 1434 1228 in-

561 1248 713 1298 suinti
760 1255 1018 1312 tamquam
1057 1261 1233 1294 verum
1275 1245 1436 1294 cultus

559 1313 817 1379 objectum
842 1312 980 1360 omni
1006 1310 1172 1360 studio
1213 1312 1339 1360 tueri
1377 1327 1436 1360 ac

562 1377 901 1447 propugnare.
957 1377 1086 1426 Hinc
1156 1377 1438 1426 decretoria

595 1446 711 1494 lane
735 1443 909 1502 verba,
938 1442 1119 1510 quibus
1155 1443 1438 1492 Alexander

559 1512 810 1578 beptimus
855 1510 1093 1559 Decessor
1124 1511 1304 1559 Noster
1341 1511 1441 1558 sin-

560 1577 732 1628 ceram
762 1576 991 1625 Ecclesiae
1017 1585 1240 1625 mentem
1275 1575 1437 1625 decla-

563 1643 706 1703 ravit,
729 1643 962 1708 inquiens
985 1660 996 1690 τ
1018 1642 1148 1691 Sane
1189 1652 1331 1691 vetus
1365 1651 1442 1691 est

563 1709 748 1759 Christi
768 1708 995 1757 fidelium
1031 1724 1151 1771 erpa
1185 1710 1292 1774 ejus
1312 1707 1438 1757 bea-

572 1775 818 1826 tissimam
836 1775 1049 1824 Matrem
1068 1752 1328 1851 ffirginem
1343 1775 1442 1824 Ma·

568 1842 699 1892 riam
748 1840 907 1907 pietas
951 1842 1293 1896 sentientium,
1338 1841 1444 1906 ejus

568 1908 796 1958 inimum
821 1908 875 1955 in
894 1906 1058 1972 primo
1080 1907 1285 1956 instanti
1309 1923 1443 1956 crea-

570 1974 725 2024 tionis
759 1982 911 2039 atque
949 1973 1216 2022 infusionis
1246 1975 1298 2022 in
1333 1989 1445 2022 cor-

568 2057 664 2107 pus
687 2038 843 2089 fuisse
867 2039 1069 2106 speciali
1094 2039 1185 2088 Dei
1209 2039 1373 2106 gratia
1396 2047 1447 2088 et

567 2105 851 2174 privilegio,
908 2106 1092 2155 intuitu
1149 2106 1442 2155 meritorum

567 2174 688 2223 Jesu
712 2171 896 2220 Christi
932 2172 1040 2237 ejus
1083 2171 1193 2219 Filii
1235 2171 1443 2219 humani

570 2238 776 2307 generis
792 2236 1156 2303 Redemptoris,
1186 2253 1216 2285 a
1250 2237 1447 2286 macula

570 2303 765 2383 peccati
799 2304 1056 2371 originalis
1095 2306 1447 2369 praeservaitam

573 2370 856 2421 immunem
873 2408 884 2427 ,
906 2379 1059 2435 atque
1082 2370 1133 2417 in
1158 2368 1256 2419 hoc
1301 2385 1448 2418 sensu

572 2438 679 2503 ejus
719 2436 1073 2501 conceptionis
1118 2436 1446 2485 'festivitatem

573 2503 785 2553 solemni
810 2502 911 2551 ritu
936 2500 1210 2551 colentium
1236 2511 1288 2551 et
1321 2503 1451 2551 cele-

574 2569 854 2619 brantium.

578 2644 628 2701 ιι).
648 2633 788 2685 Nihil
818 2634 1157 2701 inquinatum.
1197 2635 1312 2682 358.

882 2701 1047 2749 Lectio
1080 2703 1146 2763 vj.

608 2817 616 2832 Ι,
685 2782 807 2825 mue
847 2764 973 2814 illud
1020 2765 1073 2813 in
1108 2766 1283 2831 primis
1324 2765 1453 2815 sole-

585 2853 611 2891 J.
699 2848 820 2881 mne
838 2848 1036 2899 quoque
1054 2832 1149 2881 fuit
1170 2832 1346 2880 iisdem
1360 2834 1455 2881 De-

577 2897 856 2950 cessoribus
878 2899 1060 2947 nostris
1084 2897 1366 2947 doctrinam
1392 2898 1454 2947 de

578 2964 913 3015 Immaculata
933 2965 1023 3013 Dei
1055 2962 1229 3014 Matris
1264 2966 1454 3013 Conce-

577 3033 751 3098 ptione
771 3040 958 3080 sartam
991 3031 1278 3096 tectamque
1316 3031 1455 3079 omni

575 3114 719 3157 cura,
746 3096 915 3146 studio
939 3106 991 3146 et
1012 3096 1331 3146 contentione
1351 3097 1456 3146 tue-

577 3165 639 3214 ri.
666 3164 871 3214 Etenim
892 3179 995 3211 non
1042 3161 1204 3211 solum
1246 3163 1456 3212 nullate·

578 3247 677 3280 nus
722 3229 853 3297 passi
893 3237 1028 3289 sunt,
1070 3229 1229 3294 ipsam
1267 3229 1457 3278 doctri—

578 3313 705 3347 nam
759 3295 936 3363 quovis
957 3293 1103 3344 modo
1146 3309 1178 3343 a
1216 3296 1458 3361 quopiam

580 3361 753 3413 nouiri
806 3370 958 3427 atque
1016 3361 1228 3422 traduci,
1285 3378 1456 3410 verum

1471 650 1693 717 Virginis
1724 649 2114 715 Conceptionem
2134 648 2341 715 profite-

1473 733 1605 777 mur,
1628 732 1732 765 esse
1751 717 1939 781 suoque
1959 714 2138 764 merito
2158 714 2331 763 haberi

1473 800 1589 833 cum
1650 782 1984 831 ecclesiastico
2006 781 2143 830 cultu
2192 781 2339 846 plane

1474 850 1763 903 consonam,
1786 848 1998 913 eamque
2018 848 2257 907 veterem,
2285 864 2343 895 ac

1475 931 1629 981 prope
1654 914 1982 963 universalem
2007 922 2059 962 et
2080 913 2341 979 ejusmodi,

1475 998 1626 1047 quam
1653 982 1882 1029 Romana
1929 980 2146 1029 Ecclesia
2165 978 2255 1027 sibi
2271 979 2344 1027 fo·

1474 1047 1689 1096 vendam
1704 1046 2044 1111 tuendamque
2056 1046 2344 1111 susceperit,

1476 1124 1626 1180 atque
1667 1113 1875 1163 omnino
1910 1112 2143 1179 dignam,
2170 1128 2280 1178 quae
2296 1112 2348 1159 in

1479 1197 1619 1230 sacra
1646 1181 1753 1246 ipsa
1787 1175 2035 1246 Liti'irgia',
2082 1179 2345 1227 solemnio-

1482 1247 1717 1313 ribi'isque
1741 1245 1971 1312 precibus
1998 1244 2340 1310 usurparetur.

1479 1315 1652 1379 Neque
1671 1313 1748 1361 his
1764 1312 2007 1372 contenti,
2052 1320 2108 1359 ut
2137 1311 2249 1376 -ipsa
2283 1310 2347 1358 de

1483 1378 1808 1428 Immaculata
1831 1378 2051 1445 Virginis
2092 1377 2348 1442 Conceptu

1484 1446 1713 1494 doctrina
1766 1443 2002 1493 inviolata
2046 1442 2349 1510 persisteret,

1484 1512 1768 1578 opinionem
1817 1511 1935 1559 huic
1980 1509 2219 1558 doctrinae
2267 1507 2351 1556 ad·

1485 1578 1697 1633 versam,
1725 1578 1824 1626 sive
1849 1575 2046 1643 publice
2069 1576 2170 1624 sive
2194 1575 2352 1639 privii-

1487 1645 1596 1702 tim,
1619 1643 1821 1692 defendi
1865 1659 2005 1708 posse
2046 1641 2353 1690 severissime

1488 1709 1812 1776 prohibuere,
1842 1707 2055 1774 eamque
2088 1706 2351 1772 multiplici

1486 1776 1640 1825 veluti
1688 1775 1895 1824 vulnere
1936 1773 2219 1823 confectam
2253 1789 2358 1822 esse

1488 1841 1772 1890 voluerunt.

1493 1908 1768 1975 &Signum
1793 1923 2053 1974 magnum.
2077 1906 2191 1955 359.

1659 1977 1711 2022 ln
1736 1976 1883 2023 tertio
1919 1973 2193 2022 Nocturno.

1494 2039 1655 2089 Lectio
1695 2039 1852 2088 sancti
1889 2037 2146 2105 Evangelii
2182 2038 2360 2087 secun-

1753 2105 1875 2154 dum
1901 2106 2105 2153 Lucam.

1674 2174 1838 2222 Lectio
1863 2174 1945 2236 vij.
1970 2173 2091 2237 Cap.
2119 2174 2164 2219 l.

1498 2248 1545 2359 I
1552 2256 1580 2287 ιι
1599 2237 1685 2286 illo
1703 2238 1927 2302 tempore
1950 2256 1960 2285 z
1988 2238 2162 2285 Missus
2181 2246 2255 2285 est
2273 2236 2365 2284 An-

1590 2304 1730 2371 gelus
1753 2302 1954 2351 Gabriel
1979 2320 2010 2351 a
2035 2304 2137 2352 Deo
2156 2304 2204 2351 in
2249 2303 2363 2351 civi-

1493 2371 1648 2419 tatem
1673 2369 1900 2428 Galilaeae,
1923 2371 2000 2417 cui
2029 2386 2214 2417 nomen
2260 2370 2365 2417 Nit-

1493 2436 1679 2495 zareth,
1708 2435 1772 2484 ad
1809 2435 2053 2503 virginem
2096 2434 2365 2501 desponsa-

1495 2512 1598 2551 tam
1623 2502 1750 2559 viro,
1795 2503 1873 2549 cui
1919 2517 2102 2549 nomen
2142 2509 2250 2549 erat
2283 2502 2367 2549 Jo-

1495 2568 1617 2635 seph
1637 2567 1701 2616 de
1719 2567 1875 2616 domo
1892 2567 2069 2624 David,
2098 2576 2149 2615 et
2178 2584 2364 2615 nomen

1496 2634 1700 2699 virginis
1720 2633 1895 2682 Maria.
1922 2634 1987 2682 Et
2005 2633 2209 2699 reliqua.

1531 2700 1748 2749 llomilia
1765 2700 1814 2747 S.
1827 2699 2052 2748 Tharaisii
2080 2699 2325 2765 Episcopi.

1604 2770 1679 2814 De
1696 2770 1989 2813 Praesentat.
2010 2770 2261 2832 DeeParae.

1613 2849 1737 2881 umus
1764 2841 1810 2880 te
1833 2832 2066 2880 laudibus
2086 2832 2367 2881 cumulaibi-

1630 2914 1740 2946 mus
1779 2898 1970 2946 Maria?
1997 2900 2037 2947 Ο
2066 2898 2232 2963 puella
2271 2899 2369 2946 im-

1633 2963 1902 3024 maculata3
1942 2982 1973 3012 o
2008 2964 2146 3031 virgo
2186 2964 2369 3030 impol-

1503 3029 1632 3091 luta3
1655 3048 1685 3078 o
1705 3030 1973 3079 mulierum
1996 3030 2369 3090 ornamentum,

1502 3096 1720 3145 filiarum
1767 3097 1927 3145 nitor!
1979 3097 2019 3146 Ο
2041 3106 2201 3145 mater
2218 3096 2372 3162 Virgo

1502 3171 1694 3220 sancta,
1723 3172 1774 3211 tu
1794 3162 2059 3212 benedicta
2083 3163 2216 3211 inter
2257 3179 2372 3210 mu-

1502 3228 1648 3277 lieres
1669 3267 1680 3282 ,
1708 3238 1763 3277 tu
1787 3229 2041 3278 celebrata
2063 3238 2269 3294 propter
2293 3229 2372 3276 in-

1503 3295 1812 3354 nocentiam,
1840 3304 1889 3344 tu
1925 3294 2187 3361 obsignata
2220 3295 2373 3360 virgi-

1505 3361 1680 3409 nitate.
1738 3362 1813 3408 Tu
1874 3360 2051 3409 Adami
2121 3359 2371 3409 maledicti

582 3429 744 3480 etiam
789 3427 940 3494 longe
976 3425 1199 3476 ulterius
1225 3428 1460 3494 progres-
1505 3425 1751 3493 expiati03
1780 3436 1831 3476 tu
1863 3426 2018 3476 debiti
2045 3427 2155 3476 Evae
2171 3427 2370 3476 solutio.

583 3496 629 3546 ni
651 3533 665 3555 ,
715 3493 988 3561 perspicuis
1040 3493 1462 3542 declarationibus
1505 3495 1582 3541 Tu
1633 3491 1798 3541 Abelis
1854 3493 2118 3558 purissima
2164 3491 2370 3552 oblatio,

585 3560 886 3627 iterat-isque
908 3557 1097 3609 vicibus
1136 3559 1403 3610 edixerunt
1447 3578 1458 3608 ε

1507 3559 1954 3626 primogenitorum
1989 3559 2241 3620 delectu33
2280 3559 2347 3607 im
