3062 4145
1107 460 1156 505 ln
1194 460 1322 507 festo
1356 461 1511 508 sancti
1545 461 1768 509 Joannis.

531 553 595 603 de
617 553 757 621 ligno
778 553 907 612 vitae,
930 553 1065 620 quod
1084 562 1159 603 est
1181 554 1234 603 in
1269 569 1408 621 para·

534 619 643 669 diso
677 619 771 669 Dei
801 620 919 669 mei.
948 621 1027 669 Et.

858 682 1022 729 Lectio
1046 698 1089 725 v.

648 767 975 801 maronianum
1034 751 1188 819 igitur
1240 767 1375 800 anno
1397 789 1409 812 ,

534 756 925 894 Qseci'mdam
1001 826 1114 883 post
1160 818 1412 866 Neronem

651 882 1048 949 persecutionem
1181 884 1413 932 movente

536 945 847 1012 Domitiano,
874 950 927 998 in
960 951 1159 998 Patmos
1200 948 1412 998 insulam

535 1015 805 1082 relegam&
828 1016 1024 1081 scripsit
1045 1014 1408 1082 Apocalypsim‚

534 1098 693 1147 quam
761 1082 1120 1148 interpretatur
1189 1081 1414 1130 Justinus

537 1156 735 1213 martyr
757 1189 767 1208 ,
796 1156 847 1197 et
883 1149 1111 1197 Irenaeus.
1142 1143 1413 1197 Interfe'cto

538 1224 713 1263 autem
748 1215 1035 1264 Domitiano
1058 1252 1070 1273 ‚
1092 1223 1143 1263 et
1164 1214 1286 1263 actis
1311 1215 1415 1280 ejus

535 1279 605 1328 ob
639 1279 853 1329 nimiam
876 1280 1225 1330 crudelitatem
1263 1296 1294 1328 a
1325 1281 1417 1329 Se-

536 1345 666 1394 natu
706 1346 941 1406 rescissis,
968 1346 1063 1395 sub
1083 1347 1248 1396 Nerva
1307 1344 1416 1394 rin-

535 1413 675 1478 cipe,
724 1412 873 1461 rediit
893 1412 1147 1478 Ephesum
1199 1431 1210 1461 ε
1248 1364 1415 1478 iiiique

537 1494 698 1544 usque
734 1479 799 1527 ad
832 1477 1106 1544 Trajanum
1138 1479 1414 1555 principem

536 1540 886 1610 perseverans,
928 1555 1057 1594 totas
1074 1543 1199 1594 Asiae
1225 1541 1417 1594 funda-

534 1611 611 1658 vit
642 1609 869 1678 rexitque
903 1612 1147 1661 Ecclesias
1164 1627 1179 1672 ;
1218 1620 1269 1660 et
1291 1627 1417 1659 con-

536 1675 703 1725 fectus
725 1677 879 1737 senio,
907 1677 1213 1744 sexagesimo
1239 1673 1414 1726 octavo

538 1751 653 1807 post
698 1744 981 1808 passionem
1034 1742 1234 1792 Domini
1281 1759 1415 1792 anno

537 1807 790 1871 mortuus,
818 1809 959 1875 juxta
981 1810 1213 1860 eaimdem
1237 1809 1415 1858 urbem

537 1874 762 1940 sepultus
802 1884 892 1924 est.

538 1946 587 2000 ες,
618 1937 874 2009 Diligebat
896 1951 1065 1990 autem
1101 1958 1218 1991 eum
1243 1943 1412 2003 Jesus,

536 2005 779 2073 quoniam
824 2004 1051 2075 specialis
1093 2006 1417 2075 praerogativa

534 2073 781 2123 castitatis
864 2074 1093 2141 ampliori
1152 2072 1417 2123 dilectione

537 2136 728 2189 fe'cerat
760 2140 972 2208 dignum
1012 2159 1024 2190 ε
1055 2139 1084 2165 *
1111 2141 1239 2205 Quia
1277 2140 1416 2206 virgo

536 2204 726 2255 electus
755 2206 820 2255 ab
854 2207 979 2273 ipso,
1003 2208 1143 2275 virgo
1180 2207 1232 2255 in
1257 2222 1416 2255 aevum

536 2268 833 2337 permansit.
860 2280 909 2331 ᾗ,
930 2275 987 2322 In
1020 2290 1169 2323 cruce
1200 2271 1417 2338 denique

536 2338 815 2387 moriturus
835 2378 846 2399 ,
885 2339 1002 2389 huic
1024 2341 1238 2389 Matrem
1273 2355 1414 2387 suam

535 2404 800 2471 Virginem
818 2405 1001 2473 virgini
1025 2402 1412 2455 commendavit.

538 2470 670 2532 Quia
691 2471 850 2539 virgo.

535 2537 615 2585 Ex
661 2534 1042 2587 Commentariis
1086 2537 1308 2603 ejusdem
1367 2538 1418 2586 in

657 2602 933 2669 Epistulam
966 2602 1031 2653 ad
1065 2604 1280 2653 Galatas.

628 2680 793 2730 Lectio
817 2671 1011 2750 vi‚'Ll'b.
1044 2673 1090 2719 3.
1116 2674 1236 2737 Cap.
1265 2673 1314 2720 6.

535 2754 548 2759 ·
640 2752 781 2785 eeu-us
808 2738 1027 2785 Joannes
1054 2736 1375 2803 Evangelista
1401 2775 1412 2797 ,

548 2753 630 2863 Β
696 2818 813 2851 cum
873 2802 1056 2869 Ephesi
1134 2802 1418 2851 moraretur

538 2883 700 2933 usque
722 2869 787 2917 ad
822 2869 1055 2918 ultimam
1080 2867 1412 2930 senectutem,

538 2943 594 2984 et
626 2935 709 2984 vix
750 2936 882 2984 inter
914 2935 1274 3001 discipulorum
1310 2952 1416 2984 ma-

538 3017 637 3050 nus
683 2999 748 3049 ad
780 2997 1054 3051 Ecclesiam
1099 3002 1381 3051 deferretur
1401 3040 1412 3062 ,

537 3083 637 3116 nec
658 3077 825 3132 posset
848 3069 902 3116 in
926 3069 1072 3134 plura
1103 3085 1275 3118 vocem
1310 3084 1416 3117 ver-

534 3133 608 3184 ba
640 3133 907 3183 contexere
928 3150 942 3194 ;
979 3133 1104 3183 nihil
1149 3133 1286 3183 ziliud
1327 3151 1418 3200 per

534 3198 759 3266 singulas
809 3199 1001 3250 solebat
1040 3201 1268 3266 proferre
1308 3201 1418 3250 col-

532 3261 710 3325 lectaS,
730 3265 826 3332 nisi
849 3265 947 3315 hoc
970 3266 1156 3315 :Filioli
1174 3305 1186 3323 ‚
1223 3265 1415 3333 diligite

532 3331 856 3382 alterutrum.
883 3332 1110 3382 Tandem
1147 3331 1375 3398 discipuli
1399 3371 1410 3393 ,

532 3408 587 3447 et
620 3398 834 3459 fratres,
860 3398 945 3464 qui
978 3398 1228 3461 aderant,
1267 3398 1414 3448 taedio

532 3463 704 3514 affecti
729 3463 866 3531 quod
891 3459 1068 3514 eadem
1104 3481 1302 3530 semper
1329 3481 1413 3514 au-

531 3530 705 3580 dirent
730 3568 744 3593 ,
788 3528 1026 3582 dixerunt
1074 3550 1086 3580 2
1130 3529 1404 3599 Magister,

2247 465 2333 511 ¹952

1460 570 1613 619 quare
1663 571 1860 621 semper
1912 554 2009 603 hoc
2074 552 2336 620 loqueris?

1460 621 1554 683 Qui
1606 621 1861 687 respondit
1899 620 2106 687 dignam
2142 620 2337 670 Joanne

1459 688 1760 736 sententiam
1814 706 1824 735 ε
1868 687 1997 749 Quia
2030 683 2333 752 praeceptum

1459 754 1660 802 Domini
1700 763 1808 816 est,
1836 762 1888 803 et
1924 752 1965 801 si
2002 753 2167 801 solum
2202 752 2292 802 fiat
2320 792 2330 811 ‚

1459 818 1658 869 sufficit.

1458 890 1507 945 R).
1553 888 1609 934 ln
1650 881 1817 935 me'dio
1861 882 2094 934 Ecclesiae
2136 884 2335 949 aperuit

1459 968 1512 1000 os
1537 953 1658 1018 ejus,
1697 951 1721 974 *
1759 952 1824 1001 Et
1858 950 2082 1017 implevit
2103 966 2220 999 eum
2243 950 2339 999 Dc,-

1460 1018 1625 1067 minus
1669 1017 1846 1095 spiritu
1878 1014 2131 1083 sapientiae
2170 1026 2220 1065 et
2254 1017 2338 1065 in-

1461 1084 1701 1133 tellectus.
1750 1098 1795 1130 w.
1853 1082 2230 1132 Jucunditzitem
2283 1093 2334 1131 et
2415 1110 2419 1112 ‡

1459 1149 1815 1200 exultationem
1855 1149 2208 1198 thesaurizavit
2246 1166 2334 1198 su-

1460 1233 1549 1282 per
1571 1233 1705 1266 eum.
1732 1217 1812 1265 Et.
1842 1213 2009 1265 Gloria
2039 1216 2190 1264 Patri.
2220 1217 2301 1264 Et.

1643 1281 1694 1327 ln
1722 1280 1869 1328 tertio
1892 1279 2165 1328 Nocturna.

1574 1348 1740 1398 Lectio
1771 1347 1930 1397 sancti
1960 1347 2218 1414 Evangelii

1598 1414 1876 1464 secundum
1914 1415 2181 1463 Joz'mnem.

1597 1479 1763 1526 Lectio
1800 1479 1876 1542 vij.
1901 1483 2020 1546 Cap.
2054 1483 2137 1528 21.
2166 1480 2206 1526 cl

1508 1564 1537 1596 N
1567 1546 1652 1595 illo
1690 1545 1918 1611 tempore
1962 1565 1974 1594 ε
2018 1547 2155 1595 Dixit
2190 1546 2332 1594 Jesus

1541 1614 1690 1662 Petro
1737 1631 1748 1661 ε
1791 1613 2009 1678 Sequere
2048 1628 2146 1661 me.
2198 1613 2336 1660 Con-

1459 1677 1628 1728 versus
1650 1680 1848 1740 Petrus,
1871 1677 1998 1727 vidit
2018 1679 2161 1726 illum
2184 1677 2339 1727 disci-

1459 1745 1660 1811 pulum,
1705 1761 1855 1810 quem
1892 1743 2134 1810 diligebat
2152 1745 2295 1792 Jesus
2321 1782 2333 1803 ‚

1460 1811 1768 1877 sequentem.
1805 1811 1872 1860 Et
1893 1810 2099 1876 reliqua.

1517 1876 1736 1926 llomilia
1776 1877 1934 1925 sancti
1969 1874 2265 1943 Augustini,

1476 2004 1479 2006 v
1775 1941 2024 2008 Episcopi.

1513 2013 1593 2058 Tr.
1624 2010 1737 2057 424.
1764 2012 1816 2056 in
1836 2012 2006 2069 Joan.,
2025 2019 2142 2088 post
2164 2007 2295 2054 med.

1571 2092 1652 2124 ms
1673 2075 1800 2123 vitas
1821 2074 1915 2124 sibi
1938 2074 2176 2122 divmitus
2243 2090 2338 2123 1·ae-

1461 2084 1568 2197 D
1604 2141 1794 2190 dicatas
1813 2179 1824 2200 ‚
1870 2149 1921 2189 et
1960 2156 2193 2189 commen
2232 2138 2338 2188 atas

1463 2209 1602 2257 novit
1639 2206 1863 2256 Ecclesia
1908 2225 1919 2254 ε
1970 2222 2186 2273 quarum
2234 2222 2337 2254 una

1462 2284 1536 2323 est
1573 2275 1626 2323 in
1658 2272 1759 2322 fide
1783 2312 1794 2334 ‚
1839 2273 1999 2322 altera
2037 2273 2089 2321 in
2128 2272 2330 2337 specie:

1464 2357 1565 2389 una
1616 2340 1667 2388 in
1707 2339 1935 2405 tempore
1972 2338 2338 2418 peregrinatio·-

1464 2408 1568 2467 nis,
1595 2406 1752 2455 altera
1790 2406 1844 2454 in
1877 2406 2154 2454 aeternitate
2189 2419 2340 2451 man-

1463 2473 1614 2521 sionis
1641 2491 1650 2519 :
1679 2488 1781 2520 una
1803 2472 1855 2519 in
1880 2469 2067 2533 labore,
2094 2470 2252 2519 altera
2286 2471 2340 2518 in

1464 2538 1635 2605 requie
1663 2556 1674 2586 ε
1700 2554 1803 2586 una
1838 2538 1890 2585 in
1935 2537 2042 2597 via,
2087 2532 2246 2585 altera
2289 2537 2342 2585 in

1463 2606 1625 2671 patria
1653 2622 1664 2652 τ
1692 2620 1794 2652 una
1816 2604 1869 2651 in
1908 2602 2056 2667 opere
2092 2602 2300 2652 actionis
2323 2642 2334 2659 ,

1463 2672 1621 2721 altera
1656 2671 1709 2718 in
1757 2668 1989 2718 mercede
2030 2668 2336 2734 contempla-

1463 2738 1625 2787 tionis.
1651 2738 1764 2786 Una
1785 2734 2005 2785 declinat
2038 2752 2068 2784 a
2092 2735 2225 2783 malo
2248 2772 2259 2793 ‚
2288 2744 2339 2783 et

1460 2805 1586 2853 facit
1635 2802 1826 2851 bonum
1878 2820 1889 2849 ε
1938 2799 2095 2851 altera
2140 2800 2338 2849 nullum

1461 2870 1639 2931 habet,
1667 2885 1698 2917 a
1720 2886 1820 2933 quo
1861 2868 2076 2916 declinet
2102 2867 2293 2916 malum
2323 2886 2332 2913 :

1462 2946 1513 2986 et
1531 2952 1772 3004 magnum
1796 2933 1968 2995 habet,
1992 2952 2091 3000 quo
2114 2929 2332 2992 fruatur,

1462 3003 1670 3052 bonum.
1721 3002 1835 3051 Una
1892 3017 2008 3050 cum
2050 2999 2193 3048 hoste
2238 3016 2338 3065 pu-

1461 3078 1605 3136 gnat,
1639 3067 1798 3117 altera
1831 3067 1938 3115 sine
1966 3066 2109 3115 hoste
2138 3075 2331 3132 regnat.

1465 3151 1511 3206 a),
1551 3135 1606 3183 In
1637 3134 1779 3182 illum
1816 3132 1951 3181 diem
1986 3132 2251 3196 suscipiam
2289 3141 2336 3179 te

1460 3217 1659 3250 servum
1711 3215 1915 3258 meum,
1954 3207 2005 3247 et
2054 3213 2239 3264 ponam
2288 3206 2338 3246 te

1460 3268 1588 3316 sicut
1626 3261 1939 3333 signaculum
1973 3265 2025 3313 in
2066 3263 2336 3329 conspectu

1460 3350 1574 3382 meo
1598 3351 1609 3381 ι
1638 3342 1666 3368 *
1694 3330 1940 3394 Quoniam
1978 3347 2070 3396 ego
2095 3330 2221 3410 elegi
2254 3339 2303 3379 te
2321 3370 2331 3388 ,

1459 3399 1583 3448 dicit
1621 3398 1883 3447 Dominus.
1935 3398 2123 3456 &Esto
2165 3394 2327 3444 fidelis

1460 3481 1616 3531 usque
1638 3463 1702 3512 ad
1726 3471 1944 3512 mortem
1968 3502 1978 3520 ‚
2003 3473 2053 3512 et
2075 3461 2207 3511 (labo
2240 3462 2330 3512 tibi

1459 3531 1698 3582 coronam
1730 3530 1859 3579 vitae.
1885 3528 2150 3592 Quoniam.
