3062 4145
1082 471 1113 516 1³
1117 471 1215 517 oria
1245 472 1387 519 teriia
1413 472 1474 519 ad
1500 473 1816 521 Matutinum.
2079 460 2084 467 ⁴
2288 480 2350 527 55

540 556 910 645 Egrediebzitur
941 563 1075 613 foras
1094 601 1107 625 ,
1141 564 1162 584 *
1185 574 1237 613 et
1259 564 1425 631 loque·
1471 565 1633 630 Spera
1654 564 1706 613 in
1730 564 1835 613 Deo
1857 602 1870 626 ,
1907 566 2145 632 qudniam
2184 566 2351 617 adhuc

538 630 693 680 batur
712 630 767 679 in
792 630 1025 697 idipsum.
1422 632 1428 641 “
1468 630 1747 679 confitebor
1768 631 1840 679 illi
1863 650 1874 680 ε
1900 633 1921 653 *
1948 633 2163 682 salutare
2185 634 2351 683 vultus

546 696 822 746 *idversum
860 712 943 745 me
973 696 1300 745 susurrabant
1326 713 1427 745 om·
1469 698 1568 745 mei
1591 735 1602 758 ‚
1625 706 1676 745 et
1701 698 1834 745 Deus
1855 714 2014 747 meus.

538 779 628 813 nes
648 762 843 811 inimici
861 763 961 811 mei
984 781 995 810 :
1016 764 1037 783 *
1059 762 1322 812 adversum
1343 778 1424 812 me
1472 761 1548 811 Ad
1585 762 1830 829 meipsum
1877 764 2050 813 anima
2085 780 2200 814 mea
2235 781 2351 815 con-

537 828 835 896 cogitabant
850 828 985 878 mala
1006 828 1152 877 mihi.
1469 828 1670 878 turbata
1681 838 1757 877 est
1788 848 1799 876 :
1825 829 1845 850 *
1868 831 2134 896 propterea
2155 847 2353 881 memor

540 896 574 942 V
580 894 766 944 erbum
793 894 1023 960 iniquum
1058 894 1426 943 constituerunt
1469 912 1554 943 ero
1605 895 1676 943 tui
1725 894 1788 943 de
1825 904 1958 945 terra
1996 896 2253 958 Jordanis,
2300 908 2351 947 et

538 960 810 1010 adversum
841 977 923 1009 me
958 979 969 1009 e
1003 961 1023 981 *
1045 960 1301 1027 Numquid
1339 961 1424 1026 qui
1465 961 1780 1009 Hermdniim
1815 978 1847 1010 a
1886 971 2060 1011 monte
2094 963 2312 1012 mddico.

538 1027 734 1076 dormit
758 1064 771 1088 ,
811 1042 914 1075 non
953 1026 1154 1093 adjiciet
1178 1036 1237 1076 ut
1267 1028 1426 1075 resur·
1474 1026 1690 1093 Abyssus
1723 1026 1955 1093 abyssum
2004 1028 2204 1077 invocat
2225 1067 2237 1089 ‚
2258 1032 2279 1050 *
2298 1030 2351 1079 in

540 1102 630 1161 gat
641 1093 677 1141 ’ἲ
1469 1109 1589 1141 voce
1607 1094 1972 1143 cataractarum
1997 1094 2213 1143 tuarum.

540 1159 742 1209 Etenim
762 1157 918 1208 homo
935 1160 1070 1225 pacis
1092 1176 1232 1220 meae,
1255 1159 1308 1207 in
1327 1175 1426 1225 quo
1475 1158 1652 1207 Omnia
1681 1160 1874 1208 exce'lsa
1921 1170 2004 1209 tua
2026 1199 2037 1221 ,
2087 1170 2138 1210 et
2171 1160 2355 1210 fluctus

546 1225 738 1291 speravi
782 1243 793 1273 :
833 1226 855 1245 *
900 1225 986 1290 qui
1037 1225 1220 1274 edebat
1276 1241 1428 1290 panes
1472 1227 1577 1274 tui*
1602 1241 1749 1290 super
1788 1241 1871 1274 me
1907 1227 2228 1276 transierunt.

547 1307 715 1352 meos,
759 1290 1101 1358 magnificavit
1138 1307 1287 1358 super
1346 1308 1428 1339 me
1479 1293 1529 1339 in
1568 1290 1649 1340 die
1683 1291 1943 1341 mandavit
1977 1293 2223 1342 D6minus
2261 1293 2352 1340 mi·

544 1357 1021 1423 supplantatit'mem.
1473 1357 1793 1406 sericbrdiam
1819 1375 1961 1406 suam
1994 1377 2005 1407 ε
2048 1359 2070 1380 *
2106 1368 2159 1408 et
2196 1369 2347 1408 nocte

542 1426 627 1472 Tu
662 1432 832 1472 autem
854 1460 866 1484 ,
898 1423 1112 1472 D6mine
1140 1460 1154 1484 ,
1195 1423 1430 1473 miserere
1475 1423 1726 1472 canticum
1751 1424 1874 1489 ejus.

542 1489 647 1538 mei
678 1526 689 1550 ,
716 1497 768 1538 et
790 1489 1028 1538 resuscita
1053 1505 1135 1538 me
1164 1507 1175 1536 :
1214 1490 1235 1510 *
1275 1499 1327 1538 et
1357 1507 1431 1538 re·
1477 1489 1622 1555 Apud
1641 1506 1722 1537 me
1739 1489 1899 1539 orzitio
1922 1490 2025 1538 Deo
2059 1491 2171 1540 vitae
2194 1507 2316 1540 meae
2339 1529 2351 1551 ‚

544 1555 772 1605 tribuam
791 1555 877 1603 eis.
1475 1555 1496 1576 *
1519 1555 1684 1604 dicam
1710 1557 1814 1605 Deo
1857 1575 1867 1604 :
1905 1555 2172 1622 Susceptor
2210 1573 2355 1606 meus

544 1625 612 1670 ln
652 1620 751 1669 hoc
794 1621 1003 1706 coffnbvi
1025 1659 1037 1682 ,
1072 1621 1311 1686 qu6niam
1349 1638 1432 1670 vo·
1477 1638 1572 1686 es..

546 1686 688 1737 luisti
711 1702 793 1734 me
822 1705 832 1734 :
908 1687 1147 1753 qudniam
1183 1704 1284 1736 non
1321 1704 1435 1754 gau·
1479 1689 1642 1750 Quare
1665 1686 1847 1736 oblitus
1869 1703 1921 1736 es
1945 1688 2075 1736 mei?
2094 1688 2115 1709 *
2133 1698 2185 1737 et
2201 1705 2357 1754 quare

548 1752 696 1802 debit
728 1752 958 1801 inimicus
982 1769 1124 1802 meus
1146 1769 1298 1819 super
1327 1770 1426 1802 me.
1477 1753 1795 1803 contristatus
1818 1753 2013 1815 incedo,
2035 1753 2157 1802 dum
2181 1754 2360 1822 affligit

549 1823 637 1868 Me
659 1827 829 1868 autem
855 1829 1059 1884 propter
1092 1819 1432 1868 innocentiam
1477 1836 1558 1868 me
1583 1819 1814 1868 inimicus
1836 1820 1860 1867 ?

548 1884 811 1950 suscepisti
840 1903 851 1932 ε
880 1885 901 1906 *
924 1895 975 1934 et
1007 1882 1316 1934 confirmasti
1352 1903 1434 1935 me

550 1953 603 2000 in
644 1951 914 2016 conspectu
951 1959 1039 2000 tuo
1076 1952 1126 1999 in
1169 1951 1428 2000 aeternum.

550 2016 851 2066 Benedictus
868 2017 1110 2065 D6minus
1132 2019 1265 2066 Deus
1287 2018 1435 2066 Israel

551 2101 583 2132 a
603 2083 800 2142 saeculo,
828 2092 879 2131 et
901 2100 1056 2149 usque
1081 2084 1132 2131 in
1156 2083 1388 2133 saeculum
1419 2103 1431 2132 ε

550 2152 572 2169 *
610 2150 703 2198 fiat
730 2187 743 2211 ‚
779 2148 888 2197 fiat.

831 2215 1054 2264 l'salmus
1083 2217 1137 2261 41
1158 2252 1168 2262 .

663 2298 758 2330 mm
764 2297 987 2331 Animum(
1000 2280 1252 2330 desiderat
1264 2298 1438 2331 cervus

555 2291 661 2402 s)
680 2346 745 2395 ad
768 2348 936 2396 fontes
966 2348 1209 2413 aquarum
1264 2366 1276 2395 ε
1314 2349 1332 2368 *
1367 2348 1438 2397 ita

596 2401 643 2434 ἱ
690 2412 939 2461 desiderat
950 2414 1119 2462 anima
1143 2430 1256 2463 mea
1279 2414 1343 2462 ad
1368 2424 1433 2475 te,

554 2480 708 2527 Deus.
975 2482 979 2488 '

555 2545 722 2594 sitivit
743 2545 915 2593 anima
936 2562 1050 2594 mea
1074 2546 1139 2594 ad
1159 2548 1319 2595 Deum
1344 2546 1442 2594 for·

556 2620 661 2659 tem
684 2612 851 2659 vivum
881 2630 891 2659 :
918 2613 936 2631 *
963 2612 1166 2677 quando
1206 2612 1435 2671 veniam,

557 2686 610 2726 et
640 2676 893 2743 apparebo
926 2688 1042 2727 ante
1081 2679 1265 2727 faciem
1307 2678 1397 2727 Dei
1416 2679 1440 2725 ‘?

556 2744 781 2791 Fuerunt
804 2742 928 2791 mihi
952 2744 1183 2809 lacrymae
1202 2761 1324 2792 meae
1359 2761 1444 2809 pa-

558 2825 651 2857 nes
674 2808 756 2857 die
779 2826 838 2858 ac
856 2818 1002 2859 nocte
1031 2829 1042 2859 ε
1069 2811 1089 2830 *
1113 2810 1236 2858 dum
1261 2810 1443 2858 dicitur

558 2874 685 2923 mihi
733 2875 955 2941 quotidie
1002 2894 1013 2924 :
1056 2876 1152 2926 Ubi
1199 2884 1274 2925 est
1312 2878 1444 2925 Deus

562 2941 717 2990 tuus?

564 3011 677 3056 llaec
710 3006 999 3057 reeordatus
1028 3023 1139 3056 sum
1165 3045 1176 3068 ‚
1207 3016 1259 3057 et
1293 3007 1445 3057 effiidi

564 3073 619 3122 in
642 3090 726 3122 me
754 3073 978 3122 animam
1022 3090 1190 3123 meam
1233 3074 1290 3122 z*
1363 3075 1446 3123 υό-
1491 3073 1585 3122 bus
1607 3073 1782 3121 ebrum
1809 3109 1822 3134 ‚
1848 3073 1868 3093 *
1904 3082 1957 3122 et
1988 3073 2041 3122 in
2076 3072 2251 3122 diebus
2286 3089 2371 3122 an·

565 3139 703 3188 niam
740 3139 962 3189 transibo
1008 3139 1059 3188 in
1098 3139 1264 3188 locum
1289 3151 1340 3190 ta
1375 3157 1450 3189 er·
1491 3139 1658 3204 tiquis.
2184 3148 2189 3152 '

567 3205 736 3255 naculi
754 3202 1089 3254 ‘admirabilis
1115 3243 1127 3266 ,
1177 3222 1334 3272 usque
1386 3206 1450 3255 ad
1492 3209 1672 3255 Manus
1711 3214 1798 3254 tua
1827 3215 2000 3272 gentes
2039 3202 2332 3318 disssperdidit
2353 3242 2365 3266 ,

569 3271 779 3320 domum
803 3271 911 3321 Dei.
1496 3280 1547 3321 et
1577 3271 1811 3337 plantasti
1843 3288 1927 3320 eos
1968 3289 1979 3319 ε
2005 3270 2026 3290 *
2048 3286 2078 3318 a
2135 3271 2265 3320 ixisti
2288 3271 2370 3336 ρό-

572 3341 629 3386 in
651 3354 773 3387 voce
791 3337 1109 3387 exultati6nis
1136 3375 1147 3399 ‚
1181 3347 1233 3387 et
1263 3339 1453 3388 confes·
1497 3337 1640 3404 pulos
1663 3374 1673 3398 ,
1697 3346 1748 3385 et
1775 3337 2004 3402 expulisti
2028 3351 2113 3385 eos
2140 3355 2151 3385 ε

575 3403 758 3452 εὶόηὶεε
785 3404 806 3424 *
824 3420 974 3454 sonus
996 3404 1260 3471 epulantis.
1496 3407 1532 3454 'N
1549 3420 1604 3452 ec
1623 3405 1758 3452 enim
1797 3404 1849 3451 in
1894 3402 2061 3470 gladio
2099 3419 2189 3452 suo
2212 3419 2369 3469 posse-

573 3472 739 3530 Quare
773 3469 928 3519 tristis
960 3487 1013 3520 es
1048 3470 1218 3519 anima
1240 3487 1354 3520 mea
1376 3471 1400 3520 ¹?
1437 3471 1454 3492 *
1500 3469 1686 3518 derunt
1709 3478 1895 3519 terram
1921 3506 1933 3528 ‚
1972 3469 1993 3490 *
2018 3477 2068 3517 et
2102 3467 2366 3519 brachium

580 3545 632 3586 et
652 3553 809 3603 quare
830 3535 1100 3586 conturbas
1122 3553 1205 3586 me
1227 3537 1251 3584 Ἰ
1503 3535 1682 3586 ebrum
1715 3551 1819 3584 non
1861 3534 2069 3585 salvavit
2110 3551 2195 3586 eos
2223 3553 2234 3584 :

1478 1887 1608 1934 Dum
1632 1885 2023 1965 confringuntur
2055 1901 2165 1934 ossa
2204 1902 2317 1935 mea
2338 1925 2351 1944 ‚

1483 1952 1502 1972 *
1538 1950 1967 2016 exprobraverunt
1988 1951 2114 2000 mihi
2149 1953 2235 2018 qui
2278 1952 2360 2001 tri·

1477 2017 1659 2066 bulant
1680 2033 1761 2066 me
1779 2017 1967 2065 inimici
1992 2019 2091 2066 mei
2121 2036 2132 2065 :

1482 2086 1617 2133 Dum
1645 2082 1820 2131 dicunt
1858 2083 1983 2131 mihi
2007 2100 2097 2149 per
2140 2084 2363 2151 singulos

1480 2147 1586 2198 dies
1613 2167 1624 2197 ε
1647 2148 1742 2199 Ubi
1762 2157 1838 2197 est
1854 2149 1986 2199 Deus
2003 2151 2183 2199 tuus?*
2206 2167 2362 2216 quare

1480 2216 1633 2265 tristis
1655 2232 1707 2264 es
1730 2215 1901 2263 anima
1941 2232 2055 2265 mea
2081 2254 2093 2277 ,
2126 2225 2178 2265 et
2199 2233 2357 2282 quare

1481 2280 1748 2330 conturbas
1777 2297 1858 2329 me
1881 2281 1905 2328 ’ἰ

1483 2350 1634 2414 Spera
1677 2347 1728 2394 in
1757 2348 1861 2395 Deo
1883 2385 1895 2407 ‚
1923 2347 2159 2412 quc'miam
2197 2347 2364 2397 adhuc

1482 2412 1761 2463 confitebor
1781 2412 1851 2461 illi
1881 2430 1892 2460 τ
1920 2414 1939 2432 *
1958 2412 2174 2462 salutare
2196 2415 2364 2463 vultus

1483 2481 1581 2529 mei
1607 2518 1618 2540 ‚
1658 2488 1709 2527 et
1731 2480 1871 2527 Deus
1887 2495 2044 2527 meus.

1487 2548 1608 2595 Asia.
1650 2545 1781 2593 Sana
1803 2582 1814 2604 ‚
1858 2545 2072 2593 D6mine
2099 2583 2110 2605 ‚
2138 2545 2361 2595 animam

1485 2628 1649 2661 meam
1680 2629 1690 2658 :
1719 2611 1836 2676 quia
1859 2611 2059 2675 peccavi
2087 2611 2194 2661 tibi.

1489 2680 1608 2728 Asia.
1639 2676 1912 2725 Eructavit.

1747 2742 1970 2793 Psalmus
2008 2743 2088 2792 43.

1620 2825 1670 2856 us
1706 2805 1909 2856 auribus
1954 2808 2139 2857 nostris
2176 2808 2362 2858 audivi-

1609 2890 1722 2922 mus
1762 2892 1772 2921 ε
1810 2874 1831 2895 *
1864 2883 2030 2940 patres
2078 2892 2144 2923 no
2155 2876 2243 2923 stri
2283 2892 2365 2923 an·

1489 2940 1848 2989 nuntiaverunt
1883 2940 2045 2989 nobis.

1490 3010 1626 3072 Opus
1648 3045 1658 3067 ‚
1687 3005 1820 3072 quod
1858 3008 2090 3072 operaitus
2114 3023 2167 3055 es
2192 3006 2243 3054 in
2267 3005 2368 3056 die}-
