3062 4145
1023 460 1073 506 tn
1106 459 1382 525 Epiphania
1420 460 1636 509 Domini.
1665 460 1720 507 n.
1744 458 1887 508 Noct.

2266 461 2355 509 241

567 550 695 601 bene
728 547 1027 617 complficui.
1051 566 1097 601 »1
1133 548 1253 599 Coeli
1284 546 1442 614 aperti
1483 547 1588 608 Qui
1613 547 1860 597 convertit
1892 564 2033 597 mare
2056 550 2107 598 in
2132 550 2325 601 {tridam
2349 592 2360 610 ‚

564 626 682 666 sunt
714 632 866 682 super
898 631 1013 664 eum
1036 653 1048 677 ,
1076 624 1127 665 et
1160 632 1257 665 vox
1285 615 1445 663 Patris
1489 614 1540 662 in
1565 614 1771 663 flumine
1796 615 2174 681 pertransibunt
2193 619 2321 684 pede
2350 639 2359 666 :

567 681 806 733 intimuit.
827 682 936 731 llic.

616 750 791 799 Lectio
824 750 892 809 iij.
948 750 1067 813 Cap.
1108 748 1190 796 61.
1231 757 1279 794 et
1313 749 1393 795 62.

1489 682 1507 700 *
1533 680 1600 728 ibi
1636 680 1918 729 laetzibimur
1949 682 2003 729 in
2034 683 2159 748 ipso.

1483 746 1582 805 Qui
1631 747 1923 796 dominaitur
1968 748 2020 795 in
2061 749 2244 798 virtute
2276 767 2361 799 sua

554 823 843 940 Gmmzus
906 812 1103 862 audebo
1126 813 1178 861 in
1203 812 1437 872 deino,
1489 812 1540 861 in
1578 814 1846 873 aeffirnum,
1896 813 2027 861 (iculi
2063 815 2169 879 ejus
2213 832 2363 883 super

704 888 758 929 et
779 896 875 929 exu
899 878 1026 928 uibit
1050 879 1222 927 {mima
1250 895 1365 927 mea
1388 880 1440 926 in

555 947 669 997 Deo
686 962 803 994 meo
830 964 843 993 ε
869 945 989 1011 quia
1010 944 1175 993 induit
1202 961 1283 993 me
1301 944 1440 993 vesti-

559 1012 750 1063 mentis
786 1010 959 1061 salutis
1008 1029 1019 1059 ε
1054 1020 1105 1059 et
1138 1010 1440 1060 indumento

554 1079 765 1145 justitiae
802 1076 1135 1126 circumdedit
1149 1093 1256 1136 me,
1299 1078 1440 1142 quasi

559 1161 806 1212 sponsum
852 1143 1147 1193 decor-:itum
1201 1144 1391 1192 cordua
1417 1181 1428 1202 ,

558 1221 613 1261 et
673 1211 781 1260 uasi
804 1225 1035 1275 sponsam
1061 1209 1294 1258 ornaitam
1325 1226 1439 1257 mo-

557 1277 647 1327 nili
688 1294 748 1326 us
800 1276 917 1324 suis.
962 1276 1101 1324 Sicut
1128 1276 1266 1324 enim
1308 1284 1441 1324 terra

592 1344 757 1393 rofert
786 1358 994 1408 germen
1021 1357 1169 1390 suum
1186 1379 1198 1401 ,
1227 1349 1278 1390 et
1311 1342 1440 1390 sicut

557 1361 737 1458 Hortus
775 1424 947 1457 semen
969 1424 1116 1456 suum
1146 1407 1436 1474 'ge'rminat;

557 1477 628 1525 sic
674 1473 919 1523 Dbminus
957 1475 1091 1522 Deus
1133 1472 1441 1539 germinaibit

550 1540 802 1607 justitiam
823 1577 836 1601 ,
896 1549 948 1589 et
1001 1539 1203 1588 laudem
1267 1555 1438 1588 eoram

561 1607 806 1656 universis
827 1605 1077 1672 gentibus.
1091 1607 1300 1671 Propter
1322 1605 1438 1654 Sion

560 1690 663 1722 non
702 1670 898 1732 tacebo,
925 1681 976 1720 et
1011 1680 1216 1738 propter
1235 1671 1442 1720 Jerusa-

558 1739 661 1789 lem
686 1755 790 1788 non
813 1737 1091 1803 quiescam,
1114 1737 1277 1786 donec
1301 1753 1438 1804 egre-

558 1806 733 1855 dietur
756 1813 811 1853 ut
843 1803 1083 1868 splendor
1106 1804 1271 1868 justus
1293 1804 1397 1868 ejus
1424 1841 1436 1863 ,

558 1881 611 1921 et
636 1871 857 1920 salvetur
895 1869 1000 1935 ejus
1041 1877 1093 1918 ut
1134 1869 1325 1934 lampas
1359 1885 1440 1918 ac-

558 1936 826 1987 cendaitur.

553 2017 604 2056 r..
637 2004 801 2070 Reges
822 2002 1026 2052 Tharsis
1056 2010 1107 2050 et
1128 2000 1302 2050 insulae
1325 2001 1434 2049 nni-

556 2086 687 2119 nera
716 2067 932 2119 efferent
952 2087 964 2117 :
987 2072 1012 2099 *
1040 2069 1199 2135 Reges
1217 2066 1440 2117 Arabum

558 2144 612 2185 et
628 2134 765 2184 Saba
784 2134 920 2184 dona
942 2133 1156 2183 Demino
1168 2136 1272 2184 Deo
1283 2133 1442 2183 addu-

558 2210 700 2252 cent.
730 2207 779 2257 ti*-
828 2201 1015 2251 Omnes
1054 2200 1119 2249 de
1164 2200 1296 2249 Saba
1351 2200 1443 2249 ve-

560 2268 709 2317 nient
729 2306 741 2328 ,
771 2283 951 2316 aurum
992 2276 1043 2315 et
1066 2266 1182 2315 thus
1210 2261 1441 2315 deferen-

560 2342 653 2383 tes.
678 2334 859 2401 Reges,
876 2330 1053 2385 Gloria
1069 2332 1222 2381 Patri.
1261 2333 1436 2399 Reges.

706 2406 757 2455 {n
778 2404 1000 2455 secundo
1027 2404 1294 2455 Nocturna.

553 2472 679 2521 Αῆει.
719 2465 893 2516 Omnis
923 2474 1059 2526 terra
1096 2464 1273 2514 adbret
1299 2473 1348 2513 te
1370 2502 1382 2523 ,
1421 2465 1441 2483 *

560 2542 613 2583 et
640 2532 825 2599 psallat
853 2530 941 2581 tibi
978 2550 989 2580 :
1017 2532 1267 2597 psalmum
1305 2530 1442 2580 dicat

560 2598 759 2649 utimini
803 2607 887 2647 tuo
908 2636 921 2660 ‚
941 2598 1174 2647 D6mine.

823 2670 1044 2719 Psaimus
1086 2675 1165 2719 (551,

631 2746 821 2779 umam
866 2730 1001 2789 Deo,
1062 2730 1226 2778 omnis
1267 2738 1437 2789 terra,

554 2739 627 2855 J
646 2796 897 2863 psalmum
918 2794 1069 2845 dicite
1093 2795 1284 2844 n6mini
1308 2796 1438 2861 ejus:

556 2863 581 2883 *
611 2862 735 2911 date
756 2862 969 2929 glt'iriam
1001 2861 1137 2910 laudi
1162 2862 1285 2926 ejus.

552 2928 723 2981 Dicite
741 2928 847 2977 Deo
862 2928 1053 2990 :Quam
1075 2928 1316 2977 terribilia
1327 2935 1444 2975 sunt

558 2995 720 3060 ‹Spera
759 3003 877 3054 tua,
908 2995 1151 3044 Demine!
1176 2995 1196 3014 *
1229 2995 1280 3041 in
1315 2992 1441 3041 mui-

559 3060 783 3110 titudine
804 3060 1000 3109 virtutis
1018 3069 1115 3110 tuae
1134 3059 1444 3109 mentientur

559 3125 656 3176 tibi
694 3125 883 3175 inimici
919 3127 1009 3176 tui.

550 3200 593 3248 0
610 3193 749 3242 mnis
783 3201 918 3242 terra
940 3191 1118 3241 aderet
1148 3201 1196 3241 te
1212 3230 1224 3250 ,
1251 3201 1303 3240 et
1325 3190 1446 3258 psal-

557 3258 637 3310 lat
682 3257 774 3308 tibi
814 3277 826 3307 :
853 3259 875 3279 *
903 3258 1155 3326 psalmum
1181 3257 1317 3307 dicat
1349 3258 1446 3307 nb·-

556 3325 693 3375 mini
734 3333 839 3374 tuo.

551 3401 584 3448 x
610 3390 776 3450 enite,
802 3400 855 3441 et
874 3390 1040 3440 videte
1062 3387 1214 3456 ‹ipera
1251 3390 1340 3438 Dei
1387 3409 1398 3438 ε
1425 3389 1446 3410 *

558 3455 801 3508 terribilis
823 3457 877 3507 in
901 3455 1119 3507 consiliis
1141 3472 1291 3522 super
1310 3455 1446 3505 filios

564 3523 857 3573 hbminum.
918 3574 921 3581 ,

632 3606 856 3640 ruamus.

1485 888 1660 944 gentes
1706 879 1977 945 respiciunt
2020 898 2031 928 ε
2076 882 2096 901 *
2136 882 2221 947 qui
2272 900 2363 931 ex-

1486 945 1722 1009 zisperant
1759 962 1862 994 non
1892 945 2179 996 exaltentur
2200 949 2253 997 in
2291 966 2357 999 sc-

1489 1011 1728 1076 metipsis.

1480 1078 1787 1138 Renedicite,
1830 1087 2019 1144 gentes,
2058 1080 2220 1128 Deum
2264 1097 2361 1130 no-

1485 1152 1644 1192 strum
1680 1145 1731 1192 z*
1755 1154 1806 1193 et
1829 1144 2054 1193 auditam
2084 1146 2237 1196 fficite
2274 1164 2356 1196 vo-

1484 1226 1594 1258 cem
1631 1210 1793 1260 laudis
1820 1211 1943 1275 ejus.

1480 1277 1580 1336 Qui
1617 1277 1790 1341 p6suit
1829 1278 2051 1326 {inimum
2088 1294 2255 1327 meam
2296 1280 2357 1328 ad

1483 1342 1636 1390 vitam
1665 1361 1676 1390 :
1701 1344 1722 1363 *
1751 1352 1803 1392 et
1823 1360 1925 1392 non
1964 1343 2105 1392 dedit
2135 1345 2187 1393 in
2226 1362 2359 1394 com-

1485 1407 1761 1457 motidnem
1806 1409 1959 1474 pedes
2003 1425 2157 1458 meos.

1481 1474 1732 1536 Qubniam
1771 1474 1991 1540 probristi
2040 1492 2155 1537 nos,
2188 1477 2353 1526 Deus:

1483 1539 1503 1558 *
1547 1541 1662 1606 igne
1713 1557 1805 1589 nos
1851 1537 2180 1603 examinem,
2227 1545 2357 1594 sicut

1485 1603 1802 1656 examinetur
1835 1609 2120 1674 argentum.

1483 1673 1724 1722 induxisti
1760 1690 1850 1722 nos
1881 1674 1932 1722 in
1965 1675 2200 1738 lziqueum
2228 1713 2239 1734 ,
2267 1692 2361 1741 po-

1484 1738 1624 1788 suisti
1650 1738 1996 1788 tribulationes
2029 1741 2082 1788 in
2107 1741 2255 1789 dorso
2274 1759 2360 1790 no·

1485 1813 1587 1852 stro
1627 1824 1638 1853 :
1665 1807 1684 1823 ·
1709 1805 1987 1870 imposuisti
2018 1805 2245 1855 hemines
2279 1824 2355 1856 su-

1485 1886 1575 1935 per
1608 1871 1774 1936 caipim
1815 1881 2000 1920 nostra.

1481 1938 1826 1986 'transivimus
1889 1954 1979 2003 per
2050 1939 2216 2005 ignem

1486 2019 1670 2068 aquam
1713 2021 1723 2050 :
1770 2004 1790 2024 *
2054 2003 2064 2015 '

1487 2069 1825 2136 refrigerium.

1486 2134 1712 2185 iutroibo
1767 2137 1820 2184 in
1866 2135 2076 2185 domum
2126 2145 2265 2185 tuam
2310 2137 2362 2185 in

1487 2198 1789 2250 holocziustis
1847 2221 1857 2249 ι
1917 2203 1935 2223 *
1993 2202 2204 2251 reddam
2266 2202 2356 2251 tibi

1486 2276 1603 2315 vota
1647 2284 1760 2316 mea
1787 2306 1799 2328 ‚
1854 2285 1963 2334 quae
2020 2268 2360 2318 distinxerunt

1487 2328 1622 2381 labia
1659 2351 1789 2383 mea.

1480 2406 1550 2452 Et
1577 2399 1799 2449 locutum
1836 2408 1910 2448 est
1942 2416 1997 2448 os
2025 2416 2195 2449 meum
2218 2439 2230 2463 ,

1491 2464 1808 2515 tribulatidne
1846 2482 1975 2515 mea.

1485 2531 1785 2582 Holocziusta
1823 2528 2099 2580 medullzita
2154 2532 2360 2581 ‹iss'eram

1489 2595 1579 2645 tibi
1627 2614 1742 2645 cum
1786 2598 1992 2646 incenso
2037 2598 2295 2647 arietum:
2342 2602 2361 2620 *

1487 2662 1696 2711 efferam
1723 2663 1812 2712 tibi
1837 2663 1990 2712 boves
2012 2680 2129 2712 cum
2155 2663 2324 2714 hircis.

1486 2730 1700 2791 Venite,
1757 2729 1948 2789 audite,
1995 2739 2045 2778 et
2108 2731 2359 2787 nzwrzibo,

1489 2812 1664 2843 omnes
1726 2797 1809 2861 qui
1861 2796 2047 2844 timetis
2096 2797 2257 2844 Deum
2287 2836 2298 2857 ,
2345 2802 2362 2816 *

1488 2870 1678 2926 quanta
1707 2862 1826 2911 feeit
1847 2862 2025 2910 ainimae
2049 2878 2189 2910 meae.

1482 2926 1564 2980 Ad
1593 2928 1753 2993 ipsum
1796 2944 1882 2977 ore
1917 2944 2031 2976 meo
2078 2924 2289 2976 clamdvi
2314 2967 2324 2988 ‚
2345 2931 2362 2947 *

1488 3002 1540 3042 et
1561 2994 1772 3042 exaltavi
1806 2993 1899 3042 sub
1924 2993 2095 3060 lingua
2131 3011 2259 3044 mea.

1486 3059 1810 3125 {niquitaitem
1852 3061 1890 3108 si
1930 3061 2099 3124 aspexi
2136 3060 2186 3107 in
2210 3061 2361 3110 corde

1489 3142 1630 3185 meo,
1660 3129 1679 3145 ²
1709 3143 1811 3174 non
1847 3126 2080 3174 exziudiet
2100 3124 2359 3175 D6minus.

1482 3191 1756 3256 Propterea
1789 3191 2041 3241 exaudivit
2060 3193 2192 3241 Deus
2215 3231 2226 3252 ,
2261 3193 2279 3213 *
2314 3203 2365 3242 et

1491 3257 1711 3307 attendit
1801 3259 1912 3307 voci
1998 3258 2364 3323 deprecatidnis

1491 3341 1632 3372 meae.

1490 3389 1787 3441 Benedictus
1826 3391 1985 3450 Deus,
2046 3389 2067 3410 *
2114 3391 2199 3456 qui
2260 3408 2361 3442 non

1491 3456 1680 3504 amdvit
1729 3457 2008 3505 oratic'mem
2056 3473 2265 3518 meam,
2314 3469 2366 3508 et

1493 3520 1887 3572 miseric6rdiam
1930 3539 2070 3572 suam
2108 3539 2138 3571 a
2177 3540 2276 3574 me.

2034 3592 2094 3642 2¹

2309 1949 2360 1987 ei.

1827 2012 1878 2051 et
1917 2003 2129 2054 eduxisti
2175 2021 2266 2054 nos
2304 1989 2355 2052 in

2268 2401 2288 2421 ἡ
2314 2402 2324 2412 ο

2312 2419 2362 2451 ln
