3062 4145
668 438 768 487 lxiv

1058 438 1334 483 Commune
1362 434 1507 482 Conf.
1562 448 1662 482 non
1688 433 1834 481 Pont.
1879 432 1917 478 1.
1961 430 2113 477 Noct-

664 545 717 578 es
750 527 1005 594 suscc'ptor
1038 543 1180 577 meus
1207 527 1420 576 Domine
1450 545 1460 574 ε
1489 535 1544 575 tu
1586 528 1766 589 lectus,
1814 534 1867 575 et
1908 525 2084 573 vivens
2121 524 2263 573 inter
2302 538 2453 589 pecca·

666 595 888 644 exoltans
928 610 987 643 ca
1024 604 1080 643 ut
1124 610 1317 654 meum,
1366 601 1418 641 et
1454 609 1544 643 ex-

672 660 852 710 audisti
868 676 951 709 me
1005 676 1032 709 e
1051 668 1224 709 monte
1251 668 1425 708 sancto
1435 668 1539 709 tuo.

956 725 1177 773 Psalmus
1209 728 1256 773 3.

786 810 994 853 omma,
1053 791 1174 858 quid
1229 790 1543 857 multiplicoti

671 804 777 912 Ι)
812 867 930 908 sunt
966 858 1051 924 qui
1098 856 1340 908 tribulant
1374 857 1486 907 me?
1524 857 1546 878 *

668 926 813 974 multi
848 925 1113 991 insorgunt
1145 923 1408 973 advorsum
1440 940 1540 973 me.

674 991 810 1040 Multi
858 990 1034 1039 dicunt
1076 991 1255 1039 onimae
1300 1006 1423 1038 meae
1470 1008 1482 1038 :
1523 988 1545 1010 *

669 1073 772 1106 non
813 1066 889 1105 est
922 1057 1054 1105 salus
1077 1056 1169 1121 ipsi
1204 1056 1257 1103 in
1284 1056 1390 1105 Deo
1417 1055 1540 1121 ejus.

670 1123 744 1172 Ἱίι
778 1131 973 1183 autem,
1018 1122 1256 1182 Domine,
1294 1121 1548 1188 susceptor

671 1206 811 1238 meus
845 1204 923 1249 es,
952 1190 971 1207 *
991 1187 1148 1256 gloria
1180 1204 1320 1249 mea,
1347 1197 1402 1237 et
1421 1187 1549 1237 exol-

670 1265 781 1305 tans
826 1263 979 1320 caput
1022 1271 1209 1304 meum.

677 1321 804 1370 Voce
849 1336 965 1370 mea
1008 1319 1073 1368 ad
1124 1319 1396 1369 Dominum
1440 1318 1548 1368 cla-

670 1387 803 1436 mavi
854 1405 864 1435 :
908 1386 928 1406 *
970 1395 1021 1434 et
1068 1385 1323 1436 exaudivit
1355 1401 1438 1434 me
1482 1385 1546 1434 de

669 1461 843 1502 monte
887 1461 1061 1501 sancto
1106 1468 1214 1501 suo.

605 1553 609 1557 .
672 1518 771 1587 Ego
795 1518 1026 1579 dormivi,
1054 1527 1106 1568 et
1127 1517 1385 1594 soporotus
1406 1533 1546 1567 sum:

669 1584 691 1605 *
748 1593 800 1634 et
844 1584 1099 1646 exuri-exi,
1144 1600 1264 1650 quia
1307 1584 1550 1634 Dominus

670 1650 885 1716 suscopit
918 1667 1015 1699 me.

676 1717 780 1766 N'on
815 1714 1004 1766 timobo
1049 1715 1207 1765 millia
1249 1715 1421 1781 populi
1457 1715 1550 1765 cir·

672 1782 954 1832 cumdontis
973 1799 1055 1832 me
1079 1801 1090 1831 ε
1116 1780 1361 1849 *exurge,
1388 1782 1553 1830 Domi·

671 1865 735 1898 ne
754 1887 764 1910 ‚
783 1849 975 1897 salvum
991 1865 1073 1898 me
1094 1848 1180 1897 fac
1202 1887 1212 1909 ,
1230 1849 1372 1897 'Deus
1388 1864 1545 1897 meus.

675 1915 921 1975 Quoniam
962 1925 1017 1964 tu
1057 1913 1339 1981 percussisti
1375 1931 1551 1965 omnes

673 1977 995 2030 adversantes
1041 1980 1166 2029 mihi
1211 1980 1319 2029 sine
1347 1997 1497 2029 causa
1537 1999 1548 2030 :

672 2047 693 2066 *
711 2047 887 2097 dentes
906 2046 1224 2113 peccatorum
1245 2045 1543 2097 contrivisti.

678 2114 878 2161 Domini
916 2123 992 2163 est
1036 2114 1167 2162 salus
1213 2132 1225 2161 :
1264 2114 1285 2135 *
1320 2121 1372 2162 et
1405 2129 1554 2178 super

675 2180 916 2245 populum
954 2190 1096 2228 tuum
1132 2178 1421 2229 benedictio
1445 2188 1548 2229 tua.

680 2247 803 2292 Asia.
865 2247 942 2294 Tu
984 2262 1035 2294 es
1086 2244 1245 2311 gloria
1286 2262 1432 2306 mea,
1498 2254 1552 2295 tu

676 2328 727 2360 es
772 2310 1028 2377 susceptor
1068 2328 1235 2372 meus,
1281 2312 1496 2361 Domine

679 2387 731 2426 tu
779 2378 1002 2427 exaltans
1052 2386 1205 2443 caput
1248 2394 1458 2438 meum,
1503 2388 1554 2427 et

676 2444 920 2493 exaudisti
961 2460 1043 2492 me
1074 2444 1137 2493 de
1179 2452 1350 2493 monte
1382 2453 1553 2493 sancto

1589 594 1720 644 tores
1751 586 2021 644 translzitus
2044 598 2139 639 est.
2169 590 2371 655 ,Raptus
2398 600 2458 641 est

1588 677 1653 710 ne
1675 659 1868 710 malitia
1897 657 2124 707 muniret
2166 655 2455 705 intelloctum

1589 728 1693 793 ejus
1720 764 1732 787 ‚
1787 732 1876 774 aut
1920 739 1986 772 ne
2031 722 2205 776 fictio,
2229 720 2458 788 deciperet

1588 793 1811 841 onimam
1834 788 1985 839 iuius.
2026 788 2315 838 Fascinaeitio
2344 789 2455 837 enim

1590 857 1891 927 nugacitotis
1938 854 2182 905 obscorat
2224 852 2377 913 bona,
2416 864 2455 904 et

1590 922 1927 974 inconstzintia
2057 916 2455 986 concupiscentie

1591 988 1883 1041 transvertit
1920 1003 2126 1037 sensum
2176 986 2288 1036 sine
2332 986 2455 1035 mali-

1590 1058 1677 1106 tia.
1723 1054 2115 1105 Consummotus
2132 1052 2192 1101 in
2223 1051 2362 1101 brevi
2390 1068 2455 1101 ex-

1589 1123 1744 1189 plovit
1771 1122 1999 1187 tompora
2041 1118 2212 1168 multa
2239 1136 2253 1167 ε
2301 1118 2455 1184 plicita

1590 1189 1726 1238 enim
1767 1195 1877 1237 erat
1912 1187 2019 1236 Deo
2058 1184 2242 1234 onima
2291 1183 2411 1233 illius
2441 1203 2452 1233 :

1590 1264 1793 1322 propter
1821 1252 1919 1302 hoc
1940 1250 2244 1331 properz'wit
2272 1250 2454 1300 edocere

1591 1322 1732 1371 iilum
1766 1319 1830 1368 de
1871 1317 2039 1368 medio
2077 1316 2414 1382 iniquitatum.

1598 1396 1644 1445 a).
1684 1388 1847 1454 Euge,
1890 1392 2030 1434 serve
2056 1382 2199 1432 bone
2231 1391 2284 1431 et
2304 1382 2450 1440 fidelis,

1593 1470 1710 1520 qma
1747 1453 1801 1501 in
1890 1466 1985 1499 uca
2004 1449 2151 1499 fuisti
2184 1447 2373 1509 fidelis,
2400 1463 2451 1498 su·

1594 1536 1686 1585 pra
1736 1535 1824 1568 mu
1846 1527 1898 1568 ta
1936 1525 1986 1565 te
2032 1514 2345 1564 constituam
2389 1533 2399 1562 :
2433 1521 2448 1540 *

1593 1586 1729 1634 Intra
1761 1585 1816 1633 in
1853 1581 2094 1651 goudium
2138 1580 2345 1630 Domini
2378 1581 2444 1628 tui.

1598 1669 1645 1703 w.
1667 1651 1882 1700 Domine
1894 1687 1905 1708 ‚
1928 1648 2154 1714 quinque
2172 1645 2362 1696 tale'nta
2376 1655 2446 1695 tn·

1594 1716 1762 1766 didisti
1792 1715 1943 1775 mihi,
1984 1729 2101 1763 ecce
2136 1713 2239 1762 tilia
2265 1713 2447 1780 quinque

1594 1781 1964 1850 superlucrzitus
2000 1796 2135 1828 sum.
2184 1780 2338 1828 Intra.
2389 1781 2446 1826 Be-

1602 1850 1714 1897 ned.
1768 1847 2063 1915 Unigonitus
2102 1846 2200 1895 Dei
2246 1845 2401 1895 Filius.

1917 1913 2083 1961 Lectio
2128 1913 2182 1975 ij.

1716 1997 1818 2030 rum
1842 1989 2011 2028 autem
2033 1977 2288 2038 videntes,
2313 1985 2362 2027 et
2375 1990 2445 2026 non

1600 1990 2066 2113 pintelligentes‚
2104 2061 2203 2094 nec
2242 2043 2447 2110 ponontes

1595 2114 1648 2162 in
1687 2111 1969 2179 praecordiis
2013 2108 2138 2161 tolia
2185 2129 2198 2159 :
2244 2109 2445 2176 quonian

1594 2180 1757 2256 grotia
1801 2179 1892 2228 Dei
1933 2186 1984 2227 et
2020 2176 2369 2226 misericordia
2398 2182 2447 2223 est

1597 2262 1648 2294 ιη
1684 2254 1880 2295 sanctos
1901 2244 2007 2310 ejus
2026 2282 2037 2304 ‚
2072 2252 2129 2292 et
2153 2240 2446 2309 respectusin

1539 2330 1549 2360 :
1596 2312 1777 2361 eloctos
1800 2310 1945 2360 illius.
1972 2308 2301 2359 Condomnat
2314 2317 2447 2357 autem

1597 2378 1752 2443 justus
1802 2377 2029 2426 mortuus
2076 2375 2223 2425 vivos
2268 2374 2446 2441 impios.

1597 2453 1648 2493 et
1699 2444 1926 2509 juvontus
1973 2440 2190 2491 cele'rius
2246 2456 2449 2490 consum-

686 2520 787 2559 tuo.
822 2513 866 2562 >2⁷
908 2510 1110 2559 Amovit
1144 2526 1259 2559 eum
1289 2510 1549 2569 Dominus,
1597 2510 1734 2559 mota
1761 2510 1964 2575 longam
1986 2508 2149 2555 vitam
2182 2508 2372 2573 injosti.
2394 2505 2449 2553 vi·

680 2586 731 2625 et
768 2577 967 2627 orn-‘ivit
1001 2592 1134 2625 eum.
1165 2585 1216 2639 a).
1244 2576 1433 2624 Stolam
1457 2576 1556 2642 glo-
1597 2575 1788 2637 dobunt
1831 2575 1966 2624 enim
2004 2573 2166 2622 finem
2203 2568 2449 2639 sapiontis.

681 2643 763 2692 riae
799 2643 964 2692 induit
1005 2658 1138 2690 eum.
1182 2644 1327 2691 Pater
1365 2651 1548 2691 noster.
1597 2651 1649 2691 et
1676 2658 1778 2691 non
1814 2641 2101 2707 intolligent
2130 2638 2260 2706 quid
2292 2636 2453 2705 cogiti-

682 2710 954 2757 Absolutio.
996 2707 1216 2770 Exaiudi,
1254 2706 1553 2759 nominavi.
1597 2708 1728 2757 verit
1773 2706 1836 2756 de
1881 2705 1965 2755 illo
2004 2707 2145 2755 Deus
2170 2744 2182 2765 ,
2235 2715 2291 2754 et
2332 2718 2452 2770 quare

676 2774 833 2834 Jube,
880 2774 1081 2823 domne.
1124 2775 1306 2823 Bened.
1337 2773 1556 2823 Benedi-
1598 2773 1837 2823 munierit
1865 2772 2005 2821 illum
2041 2772 2316 2821 Dominus.
2340 2768 2454 2820 vide-

679 2840 842 2889 ctione
884 2842 1141 2907 perpotua.

836 2908 909 2955 De
950 2907 1078 2955 libro
1118 2906 1396 2973 Sapiontiae.

775 2976 995 3037 [wetini.
1026 2976 1145 3038 Cap.
1183 2975 1232 3022 4.
1270 2973 1301 3020 b
1332 2984 1380 3020 ec
1415 2977 1461 3021 5.

1597 2840 1726 2889 bunt
1766 2848 1817 2889 et
1851 2832 2187 2888 contemnent
2226 2854 2342 2886 eum
2377 2854 2387 2885 :
2418 2834 2454 2882 il·

1598 2906 1671 2955 los
1724 2915 1891 2955 autem
1933 2905 2187 2953 Dominus
2235 2901 2451 2953 irridebit.

1597 2973 1664 3022 Et
1701 2980 1850 3021 erunt
1886 2978 1998 3036 post
2037 2969 2150 3020 haec
2194 2969 2454 3020 decidontes

676 3047 876 3159 Jusrus
910 3039 949 3088 si
986 3048 1147 3087 morte
1187 3037 1557 3104 praeoccupatus
1599 3039 1707 3088 sine
1746 3037 1952 3096 honore,
1989 3045 2041 3086 et
2079 3037 2138 3085 in
2182 3029 2455 3086 contumeiia

768 3105 943 3164 merit,
973 3105 1023 3153 in
1048 3104 1306 3170 refrigorio
1343 3106 1453 3154 erit.
1481 3105 1558 3154 Se-
1601 3106 1733 3154 inter
1762 3104 1987 3152 mortuos
2027 3103 2082 3150 in
2125 3119 2190 3169 pe
2257 3103 2415 3152 otuum
2442 3116 2451 3144 :

677 3167 851 3219 ne'ctus
906 3172 1040 3220 enim
1092 3170 1389 3220 venerobilis
1439 3179 1514 3219 est
1541 3208 1552 3230 ,
1601 3171 1839 3236 quoniam
1882 3169 2219 3234 disrompeti
2260 3185 2315 3217 os
2345 3163 2454 3216 infla'·

676 3252 780 3284 non
812 3236 1075 3297 diuturna,
1111 3253 1274 3302 neque
1307 3237 1557 3285 annorum
1602 3245 1677 3286 tos
1716 3237 1820 3286 sine
1860 3251 2007 3295 voce,
2051 3243 2109 3284 et
2151 3231 2454 3284 commovebit

678 3302 889 3351 mimero
922 3304 1213 3368 computota
1252 3321 1263 3350 :
1308 3303 1421 3352 cani
1462 3319 1560 3351 au-
1602 3302 1710 3351 illos
1754 3318 1785 3351 a
1827 3300 2207 3360 fundamentis,
2252 3310 2305 3350 et
2329 3311 2453 3364 usque

678 3376 783 3416 tem
828 3379 944 3418 sunt
990 3385 1161 3418 sensus
1202 3368 1420 3418 hominis
1448 3407 1459 3429 ,
1507 3377 1559 3417 et
1601 3367 1666 3418 ad
1702 3362 1995 3434 supromum
2034 3365 2402 3417 desdabi'mtur.

677 3442 794 3482 aetas
834 3433 1099 3484 senectutis
1133 3435 1238 3483 vita
1269 3434 1556 3484 immaculzi-
1609 3444 1658 3498 m.
1695 3435 1865 3484 Justus

678 3508 744 3548 ta.
785 3500 990 3550 Placens
1022 3503 1127 3550 Deo
1157 3501 1322 3550 factus
1361 3510 1436 3550 est
1475 3500 1558 3549 di-
1601 3501 1724 3550 lium

1964 3430 2219 3483 rminzibit
2257 3433 2374 3482 sicut
2404 3427 2450 3476 li-

1775 3519 1787 3548 :
1837 3504 1861 3526 *
1946 3508 1967 3548 t
2003 3498 2214 3550 ssorobit
2256 3499 2307 3548 in
2342 3493 2448 3546 πιέν-
