3062 4145
1012 478 1268 526 Dominica
1307 481 1520 528 secunda
1552 490 1658 545 post
1696 480 2045 544 Epiphaniam.

660 568 914 618 desiderio
932 568 1194 629 incalesce,
1221 585 1394 619 vocem
1413 568 1539 617 mihi

660 635 881 684 amicam
906 636 1199 702 agnfiscens,
1223 644 1274 684 et
1295 636 1404 685 fere
1421 652 1540 711 prae-

661 701 861 750 sentem
880 702 1046 767 ipsum
1071 701 1255 750 intueri
1279 740 1290 762 ‚
1317 711 1368 751 et
1385 701 1540 750 disse-

663 767 862 816 rentem
898 768 1073 817 audire
1096 767 1285 817 videor.
1319 768 1417 816 Sed
1462 776 1543 816 ta·-

660 849 785 882 men
824 833 971 883 d61e0
995 873 1007 895 ,
1053 843 1105 883 et
1142 832 1348 883 moleste
1390 834 1502 882 fero
1525 871 1536 893 ,

660 899 803 964 quod
823 900 990 949 virum
1030 899 1166 949 hunc
1192 916 1294 949 non
1327 914 1502 949 omnes
1526 937 1537 960 ,

662 966 795 1014 sicut
824 983 916 1031 par
938 975 1015 1015 est
1037 1004 1048 1025 ,
1076 966 1414 1033 cognciscunt‚
1449 982 1543 1013 ve-

663 1047 781 1079 rum
828 1033 900 1081 ita
934 1032 1078 1080 ilium
1124 1032 1351 1081 nonnulli
1392 1032 1542 1098 ignu-

662 1106 869 1156 rant‚ut
894 1115 958 1147 ne
981 1098 1318 1164 Epistolzirum
1336 1097 1540 1165 quidem

662 1163 773 1228 ejus
785 1165 1054 1213 numerum
1073 1165 1220 1230 plane
1231 1166 1408 1214 sciant.
1438 1166 1542 1212 lloc

661 1246 786 1279 vero
828 1247 932 1279 non
970 1231 1222 1297 imperitia
1259 1233 1385 1281 facit
1422 1229 1541 1279 :sed

662 1296 803 1361 quod
825 1297 1127 1346 nolintbeziti
1146 1296 1294 1360 hujus
1316 1297 1410 1346 viri
1428 1297 1543 1346 scri-

664 1371 754 1427 pta
776 1362 974 1412 assidue
1001 1364 1051 1411 in
1077 1360 1312 1412 mainibus
1335 1362 1537 1412 habere.

660 1439 707 1494 ις.
742 1429 899 1478 Notas
920 1429 1044 1477 mihi
1070 1429 1261 1490 fecisti,
1287 1430 1502 1478 Dumine
1527 1466 1538 1488 ,

665 1495 774 1542 vias
810 1495 923 1544 vitae
970 1514 982 1543 :
1017 1499 1044 1524 *
1096 1495 1406 1561 Adimplebis
1461 1511 1542 1544 me

667 1560 841 1610 laetitia
863 1578 979 1610 cum
1018 1561 1159 1611 vultu
1178 1571 1266 1610 tuo
1295 1581 1304 1610 :
1327 1561 1542 1611 delecta-

668 1627 833 1676 ιίὁηεε
866 1629 919 1676 in
942 1627 1149 1677 dextera
1173 1637 1261 1676 tua
1297 1645 1453 1694 usque
1490 1629 1540 1676 in

669 1691 848 1742 finem.
883 1698 931 1748 55·-
976 1695 1053 1742 Tu
1088 1711 1141 1743 es
1181 1694 1266 1760 qui
1313 1695 1542 1744 restitues

668 1757 1002 1808 hereditzitem
1026 1776 1192 1809 meam
1213 1760 1352 1809 mihi.
1372 1761 1540 1810 Adim-

666 1824 828 1890 ple-bis
862 1842 963 1875 me.

974 1897 1137 1944 Lectio
1163 1913 1208 1942 v.

723 1970 887 2020 ‘sl-:Qun
910 1959 1045 2006 enim
1065 1975 1173 2018 nos,
1201 1975 1310 2024 quoe
1332 1960 1535 2019 scimus,

670 1971 749 2084 N
798 2023 979 2090 siquid
999 2025 1207 2085 scimus,
1239 2025 1302 2074 ab
1346 2026 1538 2093 ingenii

666 2090 895 2141 bonitzite
952 2100 1103 2157 atque
1153 2092 1384 2141 acumine
1441 2094 1540 2142 sci-

664 2174 781 2206 mus
839 2176 850 2204 :
900 2156 986 2205 sed
1034 2158 1169 2223 quod
1218 2175 1339 2224 erga
1402 2158 1540 2208 hunc

2358 478 2457 527 273

1584 568 1703 619 dere
1736 568 2017 628 volueritis,
2046 566 2171 617 nihil
2197 566 2333 617 {iliud
2362 584 2458 616 vo-

1586 634 1661 683 bis
1706 636 1806 683 erit
1871 634 2247 701 requirendum.
2294 634 2457 683 Verax

1585 710 1660 749 est
1675 702 1812 750 enim
1831 702 2012 750 Christi
2033 717 2199 749 sermo
2218 700 2454 749 dicentis:

1587 768 1818 830 Quaerite,
1846 777 1899 817 et
1922 765 2181 816 invenietis
2206 785 2217 814 ε
2244 766 2454 831 ρυΙεέιιε,

1586 842 1638 882 ει
1681 833 1932 899 aperietur
1974 832 2127 882 vobis.
2182 832 2412 881 Ceterum
2440 870 2453 892 ‚

1587 899 1995 966 quandciquidem
2056 898 2338 964 complures
2396 914 2457 946 ex

1586 966 1646 1013 iis
1692 966 1777 1031 qui
1820 966 1919 1015 huc
1966 964 2227 1014 nobiscum
2264 964 2453 1013 conve-

1587 1032 1761 1091 niunt,
1803 1041 1853 1080 et
1893 1031 2163 1080 liberbrum
2195 1029 2458 1079 educatis»-

1587 1114 1733 1157 nem,
1769 1108 1820 1147 et
1849 1098 2016 1145 axin-is
2045 1114 2217 1146 curam
2246 1135 2257 1156 ‚
2294 1105 2345 1145 et
2372 1096 2457 1145 fa-

1588 1165 1735 1213 miliae
1769 1164 2133 1230 providentiam
2170 1163 2453 1228 suscepere,

1587 1229 1654 1278 ob
1676 1230 1826 1296 idque
1869 1240 1997 1280 totos
2030 1247 2135 1279 sese
2158 1229 2275 1277 huic
2300 1228 2454 1278 iabbri

1586 1295 1708 1346 dare
1753 1313 1853 1345 non
1894 1297 2139 1346 sustinent
2172 1315 2183 1344 ε
2222 1304 2275 1344 at
2318 1304 2457 1344 certe

1588 1363 1680 1428 ipsi
1714 1379 1800 1410 vos
1833 1363 2045 1412 excitzite
2086 1362 2150 1411 ad
2190 1377 2250 1410 ea
2279 1361 2456 1410 saltem

1587 1429 1855 1494 capienda,
1895 1445 2004 1494 quae
2030 1429 2111 1478 aiiii
2136 1427 2427 1494 coilegerint
2443 1465 2454 1485 ,

1587 1495 1736 1543 studii
1768 1496 2083 1544 tantumdem
2114 1494 2172 1542 iis
2194 1532 2205 1549 ‚
2243 1509 2353 1559 quae
2375 1493 2459 1541 di·-

1586 1571 1667 1610 cta
1688 1562 1895 1622 fuerint,
1915 1560 2251 1610 auscultandis
2264 1598 2275 1619 ,
2304 1575 2457 1626 quan-

1588 1636 1694 1675 tum
1737 1629 1960 1693 pecuniis
2016 1625 2307 1692 colligendis
2358 1626 2458 1674 im-

1586 1695 1874 1758 pertientes.
1910 1696 2039 1743 Nam
2064 1693 2155 1742 etsi
2180 1701 2325 1757 turpe
2350 1692 2415 1741 sit
2442 1731 2453 1748 ‚

1587 1776 1688 1808 non
1723 1761 1816 1809 nisi
1853 1769 2050 1809 tantum
2082 1757 2231 1808 studii
2264 1775 2293 1806 a
2316 1756 2459 1806 vobis

1587 1825 1783 1893 exigere
1806 1865 1817 1885 ‚
1864 1825 2083 1892 optzibile
2117 1835 2287 1873 tamen
2322 1825 2452 1882 erit,

1585 1893 1624 1940 si
1651 1901 1845 1941 tantum
1871 1892 2045 1940 saltem
2072 1890 2317 1940 tribuaeitis.

1581 1973 1628 2013 ff.
1673 1958 1873 2007 D6mini
1900 1967 1975 2007 est
2009 1967 2166 2016 terra,
2201 1965 2253 2005 et
2290 1955 2457 2021 pleni-

1586 2018 1707 2074 t‘udo
1731 2025 1835 2090 ejus
1869 2042 1880 2072 :
1917 2031 1944 2058 *
1993 2023 2139 2073 Orbis
2169 2023 2416 2072 terr-{irum
2439 2060 2452 2081 ,

1583 2100 1636 2140 et
1659 2092 1871 2141 universi
1902 2092 1989 2158 qui
2019 2089 2252 2139 haeibitant
2286 2089 2336 2136 in
2373 2105 2449 2137 eo.

1579 2165 1625 2214 ir.
1685 2159 1792 2223 Ipse
1832 2174 1981 2223 super
2020 2157 2179 2205 mairia
2222 2154 2456 2204 fundzivit

665 2223 832 2271 virum
873 2223 1097 2289 impense
1137 2224 1330 2284 afflicti,
1376 2225 1440 2274 ab
1483 2226 1538 2273 il·
1583 2239 1721 2283 eam,
1760 2235 1812 2273 et
1829 2241 1979 2290 super
2010 2222 2221 2271 flumina
2260 2237 2456 2287 praepa-

666 2289 764 2338 lius
802 2289 1017 2338 lectinne
1064 2307 1341 2356 numquam
1387 2285 1711 2351 disce-lrzivit
1733 2290 1888 2339 illam.
1917 2289 2078 2339 Orbis.
2104 2288 2280 2341 Glbria
2299 2288 2448 2335 Patri.

666 2354 837 2403 dimus
873 2374 883 2402 :

668 2421 700 2469 ii
737 2422 851 2487 plus
875 2438 1027 2487 quam
1071 2421 1221 2471 ce'teri
1255 2438 1426 2471 omnes
1459 2424 1536 2472 εό-

667 2504 780 2536 rum
806 2488 938 2537 sacta
974 2497 1161 2537 norunt
1176 2505 1300 2553 quos
1329 2500 1503 2538 amant
1522 2528 1533 2549 ‚

666 2563 723 2603 ut
763 2554 849 2620 qui
894 2554 956 2603 de
989 2555 1049 2603 iis
1095 2555 1214 2620 ipsis
1257 2554 1357 2604 sint
1407 2556 1537 2604 solli-

664 2620 769 2669 citi.
798 2619 854 2668 td
878 2621 1012 2685 quod
1051 2620 1226 2670 bezitus
1262 2619 1345 2669 hic
1383 2622 1536 2671 veluti

665 2685 961 2746 ostendens,
990 2686 1054 2735 ad
1078 2687 1418 2752 Philippenses
1441 2688 1532 2737 ait:

665 2752 803 2801 Sicut
826 2761 902 2801 est
930 2752 1055 2801 mihi
1089 2754 1281 2819 justum
1305 2791 1315 2811 ‚
1344 2762 1402 2802 ut
1442 2754 1537 2803 hoc
1579 2809 1584 2813 .
1622 2810 1625 2813 ,

664 2818 729 2867 de
760 2817 901 2867 vobis
928 2818 1161 2868 ‹imnibus
1195 2819 1407 2868 sentiam
1431 2858 1442 2879 ,
1477 2836 1536 2869 eo

664 2884 803 2951 quod
830 2884 1044 2934 hzibeam
1064 2902 1147 2934 vos
1163 2886 1216 2933 in
1241 2886 1466 2946 corde,et
1484 2887 1536 2935 in

662 2950 877 3000 vinculis
916 2952 1066 3012 meis,
1094 2952 1214 3001 etin
1246 2951 1536 3002 defensidne

664 3026 717 3066 ει
755 3017 1138 3068 confirmatiune
1194 3019 1465 3086 Evangelii.

654 3100 703 3154 ις,
741 3083 960 3150 Diligam
997 3093 1044 3133 te
1066 3122 1077 3144 ,
1105 3085 1341 3145 Dbmine,
1381 3085 1538 3134 virtus

663 3165 780 3198 mea
824 3167 836 3198 ε
879 3150 1124 3199 Πόιῐιίηιιε
1160 3149 1537 3200 firmamentum

663 3231 837 3265 meum
859 3221 919 3275 ,*
957 3217 1025 3265 Et
1055 3217 1312 3284 refugium
1344 3233 1532 3266 meum.

653 3291 699 3342 ti.
733 3280 1000 3331 Liberaitor
1019 3299 1188 3344 meus,
1219 3284 1353 3332 Deus
1376 3300 1534 3343 meus,

663 3347 866 3414 adjutor
886 3364 1045 3397 meus.
1070 3350 1151 3398 Et.

963 3422 1135 3470 Lectio
1160 3422 1227 3484 vj.

770 3496 1036 3530 unitor-rm:
1072 3480 1112 3530 si
1144 3490 1196 3530 et
1223 3498 1310 3530 vos
1335 3499 1536 3548 quoque

659 3495 762 3637 Q
810 3545 1012 3597 lectitini
1068 3547 1336 3615 diligenter
1373 3549 1536 3598 atten-

924 2356 1170 2422 siquidem
1208 2357 1293 2433 qui
1334 2367 1532 2418 amant,
1584 2356 1745 2405 Orbis.

1747 2430 1795 2474 in
1825 2429 1968 2477 tertio
1996 2427 2266 2476 Nocturno.

1682 2497 1713 2540 Ι,
1733 2489 1861 2539 ectio
1895 2488 2052 2537 sancti
2075 2486 2332 2553 Evangelii

1725 2554 2001 2604 secundum
2040 2551 2307 2602 Jozinnem.

1738 2627 1905 2674 Lartis.»
1933 2627 2013 2687 vij.
2074 2624 2192 2685 Cap.
2222 2622 2271 2667 2.

1577 2703 1588 2707 ·
1619 2703 1663 2737 ‘u
1688 2687 1772 2736 illo
1809 2687 2032 2752 tempore
2057 2704 2067 2733 z
2088 2686 2283 2750 Nuptiae
2306 2685 2451 2732 factae

1592 2704 1613 2811 Ι
1671 2763 1789 2803 sunt
1840 2754 1891 2801 in
1935 2754 2072 2800 Cana
2111 2750 2351 2810 Galilaeae,
2402 2758 2453 2797 et

1583 2830 1692 2870 erat
1714 2829 1877 2869 mater
1892 2820 2009 2867 Jesu
2029 2818 2115 2867 ibi.
2139 2817 2353 2867 Voczitus
2377 2823 2451 2863 est

1582 2896 1751 2935 autem
1809 2894 1859 2934 et
1913 2886 2057 2933 Jesus
2078 2923 2089 2942 ,
2126 2894 2176 2933 et
2225 2879 2449 2944 discipuli

1582 2954 1687 3020 ejus
1709 2952 1774 3002 ad
1809 2952 2026 3017 nuptias.
2053 2952 2117 2999 Et
2142 2949 2347 3013 reliqua.

1660 3019 1876 3068 Homilia
1900 3017 2057 3066 sancti
2082 3012 2373 3082 Augustini,

1890 3083 2137 3149 Episcopi.

1668 3156 1748 3200 Tr.
1777 3154 1824 3200 9.
1853 3155 1903 3198 in
1927 3154 2105 3197 Ιοιιηη.
2125 3155 2244 3213 post
2266 3145 2371 3188 init.
2420 3203 2428 3212 ⁸

1692 3235 1782 3266 uon
1799 3217 2043 3266 Duminus
2066 3213 2164 3261 invi
2173 3211 2301 3259 tzitus
2320 3211 2457 3282 vemt

1585 3226 1690 3370 Q
1725 3283 1788 3332 ad
1819 3282 2044 3347 nuptiaS,
2072 3279 2223 3327 etiam
2249 3278 2457 3334 excepta

1702 3350 1910 3416 mystica
1933 3340 2315 3413 significatiunQ
2343 3349 2460 3409 con·

1583 3413 1788 3464 firmzire
1819 3413 1977 3462 vbluit
2012 3408 2144 3476 quod
2192 3406 2299 3469 ipse
2338 3401 2462 3448 fecit

1583 3483 1801 3548 nuptias.
1827 3478 1999 3527 Futuri
2024 3475 2159 3524 enim
2184 3475 2361 3525 erant,
2400 3463 2461 3539 (ie

1584 3547 1766 3616 quibus
1794 3545 1920 3594 dixit
1954 3538 2217 3607 Apustolus
2244 3571 2255 3592 ,
2285 3529 2465 3598 prohi-
