3062 4145
1066 458 1206 507 Fen-ia
1229 466 1407 523 quarta
1426 456 1490 505 ad
1513 456 1832 507 Matutinum.

2302 463 2367 510 67

573 548 830 599 protexisti
855 565 939 599 me
960 565 993 599 a
1023 549 1273 599 conventu
1307 548 1446 598 mali·
1490 548 1542 597 in
1577 548 1784 599 flumine
1807 551 2183 616 pertransibunt
2203 552 2330 619 pede
2356 573 2365 601 :

566 615 835 694 gueintium
863 634 875 664 ε
900 616 921 637 *
938 632 969 664 a
990 615 1312 666 multitudine
1333 632 1446 681 ope·
1491 615 1511 636 *
1537 614 1607 664 ibi
1641 615 1923 666 laetfibimur
1958 618 2014 666 in
2041 619 2165 683 ipso.

566 683 791 731 mutium
829 682 1162 747 iniquitittem.

568 746 699 807 Quia
752 749 1059 797 exacuerunt
1109 757 1166 797 ut
1221 747 1445 814 glaeidium

563 811 767 880 linguas
788 830 903 863 suas
923 833 936 862 :
961 815 983 836 *
1009 813 1338 863 intenderunt
1370 830 1446 862 ar-

563 894 684 927 cum
732 896 840 929 rem
880 880 1131 940 amairam,
1193 888 1250 928 ut
1303 880 1447 947 sagit·

566 953 680 994 tent
702 946 757 994 in
779 946 987 995 occultis
1012 946 1409 995 immaculae'ttum.

566 1010 748 1061 subito
810 1012 1119 1079 sagittzibunt
1183 1028 1330 1071 eum,
1399 1020 1450 1060 et

567 1092 674 1125 non
717 1077 969 1127 timebunt
1006 1096 1018 1126 z
1055 1080 1075 1098 *
1122 1077 1450 1127 firmaverunt

567 1142 663 1192 sibi
697 1145 990 1194 sermc'mem.
1023 1161 1257 1210 nequam.

570 1209 933 1260 ‚Narmverunt
969 1219 1027 1259 ut
1086 1209 1451 1260 abscundet-ent

570 1274 621 1324 ld
654 1292 773 1325 ueos
810 1294 822 1324 τ
860 1277 882 1297 *
915 1275 1151 1326 dixerunt
1177 1295 1188 1324 ι
1216 1277 1338 1340 Quis
1380 1277 1448 1325 vi·

569 1341 634 1391 de
671 1341 712 1390 it
746 1342 867 1391 eos?

564 1407 787 1457 Scrutsti
821 1417 939 1457 sunt
974 1408 1262 1474 iniquitz'ttes
1289 1427 1301 1456 ε
1327 1409 1349 1429 *
1371 1408 1450 1458 de-

565 1473 804 1523 fecerunt
824 1475 1101 1523 scrutz'mtes
1122 1475 1377 1524 scrutinio.

565 1538 786 1589 Accedet
806 1540 959 1589 homo
995 1540 1059 1588 ad
1082 1557 1171 1589 cor
1192 1541 1350 1590 altum
1389 1559 1401 1588 ε
1429 1541 1447 1561 *

566 1615 621 1654 et
660 1606 962 1655 exaltzibitur
999 1607 1147 1656 Deus.

562 1671 773 1738 Sagittae
799 1672 1121 1738 parvuldrum
1152 1673 1300 1722 factae
1333 1681 1450 1721 sunt

563 1737 726 1804 plagae
776 1739 966 1787 edi-um·
1002 1757 1014 1786 z
1057 1739 1077 1758 *
1105 1747 1158 1787 et
1183 1738 1449 1788 infirmetoe

566 1813 687 1852 sunt
721 1813 898 1852 contra
918 1821 1003 1853 eos
1034 1803 1216 1871 linguae
1250 1805 1442 1853 e6rum‘

567 1869 864 1919 Conturbziti
889 1879 1008 1919 sunt
1040 1887 1214 1919 omnes
1253 1871 1340 1936 qui
1380 1871 1448 1918 vi-

564 1934 759 1984 debant
780 1952 865 1986 eos
897 1954 908 1984 :
947 1937 968 1957 *
1008 1945 1061 1985 et
1085 1937 1255 1985 timuit
1286 1937 1450 1985 omnis

568 2001 744 2050 homo.
1064 2028 1066 2031 v

567 2069 635 2117 Et
656 2067 1081 2117 annuntiaverunt
1104 2068 1257 2133 (Spera
1277 2069 1368 2118 Dei
1397 2088 1408 2117 :
1429 2069 1450 2089 *

570 2142 625 2182 et
639 2134 778 2183 facta
800 2134 904 2199 ejus
927 2134 1296 2183 intellexerunt.

570 2199 840 2249 Laettibitur
882 2200 1049 2265 justus
1089 2200 1142 2249 in
1191 2201 1446 2262 Dbmino,

567 2274 621 2313 et
653 2265 875 2331 sperabit
914 2266 967 2314 in
1012 2282 1101 2325 eo,
1136 2268 1157 2287 *
1193 2276 1244 2315 et
1281 2266 1450 2316 lauda-

570 2330 762 2380 buntur
784 2348 957 2380 omnes
980 2333 1101 2381 recti
1125 2332 1293 2381 corde.

569 2399 695 2445 Asia.
737 2398 915 2447 Nonne
958 2400 1065 2447 Deo
1107 2398 1330 2465 subjecta
1358 2400 1454 2448 erit

568 2463 743 2512 {mima
782 2480 895 2513 mea
911 2464 936 2511 ⁴?

571 2530 696 2578 Asia.
730 2529 1032 2579 Benedicite,

783 2594 788 2599 ’
840 2596 1061 2645 Psalmus
1096 2600 1172 2645 655.

641 2677 827 2709 omnim
887 2662 992 2710 Deo
1070 2662 1233 2711 omnis
1282 2672 1416 2711 terra
1437 2700 1448 2722 ,

571 2672 639 2783 J
674 2728 921 2792 psalmum
933 2728 1083 2777 dicite
1106 2728 1299 2776 n6mini
1318 2729 1449 2794 ejus:

574 2794 594 2812 *
628 2792 745 2842 date
778 2792 990 2860 glutiam
1025 2794 1159 2842 laudi
1197 2794 1317 2859 ejus.

579 2858 734 2907 Dicite
789 2861 894 2908 Deo
949 2878 960 2908 :
1005 2877 1158 2925 quam
1216 2859 1454 2909 terribilia

574 2934 693 2973 sunt
726 2926 880 2992 (Spera
914 2934 1029 2986 tua,
1056 2926 1302 2975 deine!
1352 2928 1371 2946 *
1401 2927 1453 2975 in

576 2991 898 3040 multitudine
941 2992 1136 3041 virtutis
1182 3001 1275 3041 tuae
1317 3009 1453 3041 men-

579 3057 769 3106 tientur
805 3057 893 3107 tibi
935 3059 1125 3107 inimici
1161 3059 1250 3107 tui.

579 3124 914 3183 (Jmnisterra
951 3124 1127 3173 adin-et
1157 3133 1207 3172 te
1225 3161 1237 3182 ‚
1265 3133 1315 3172 et
1336 3122 1457 3189 psal·

578 3188 651 3238 lat
681 3189 771 3238 tibi
802 3207 814 3238 ε
856 3190 878 3210 *
906 3191 1159 3256 >psalmum
1199 3189 1336 3238 dicat
1369 3191 1454 3238 116-

577 3255 703 3304 mini
743 3264 849 3305 tuo.

576 3321 777 3382 Venite,
815 3331 868 3371 et
890 3321 1053 3372 videte
1085 3322 1237 3388 <Spera
1258 3322 1348 3372 Dei
1385 3340 1397 3370 ε
1436 3322 1457 3342 *

581 3387 815 3437 terribilis
841 3389 895 3438 in
916 3389 1133 3439 consiliis
1153 3405 1304 3454 super
1325 3389 1458 3438 filios

580 3451 863 3503 hbminum.

584 3520 682 3582 Qui
716 3520 961 3571 convertit
986 3537 1125 3572 mave
1150 3520 1205 3571 in
1227 3518 1421 3570 aii-idam
1444 3558 1456 3582 ,

1494 680 1590 741 Qui
1634 681 1924 732 dominetur
1965 684 2019 731 in
2061 684 2244 733 virtute
2284 700 2375 734 sua

1493 746 1546 795 in
1584 748 1850 809 aeternum,
1895 749 2025 797 (iculi
2065 750 2171 815 ejus
2222 766 2372 817 super

1492 822 1667 879 gentes
1706 815 1979 881 respiciunt
2021 834 2032 863 :
2067 818 2096 845 >*
2127 816 2211 881 qui
2259 818 2373 865 exzi·

1495 888 1723 944 sperant,
1759 897 1863 932 nou
1902 881 2184 931 exaltentur
2208 881 2264 931 in
2299 898 2370 931 se-

1493 944 1730 1010 metipsis.
2378 1003 2391 1019 ⁴

1495 1011 1780 1060 Benedicite
1824 1012 2008 1063 Gentes
2067 1015 2229 1063 Deum
2285 1030 2372 1063 no·

1493 1085 1652 1125 strum
1689 1095 1700 1125 ε
1727 1079 1747 1098 *
1770 1088 1821 1127 et
1851 1079 2075 1129 auditam
2114 1080 2267 1130 faicite
2296 1098 2376 1129 vo·

1494 1158 1606 1192 cem
1638 1142 1798 1192 laudis
1832 1145 1938 1210 ejus

1497 1209 1587 1269 Qui
1620 1210 1786 1274 pdsuit
1827 1212 2052 1261 {mimam
2092 1229 2259 1261 meam
2304 1212 2368 1262 ad

1492 1275 1648 1323 vitam
1679 1294 1689 1323 τ
1719 1277 1738 1296 *
1762 1285 1813 1326 et
1840 1293 1941 1326 non
1977 1277 2117 1327 dedit
2146 1278 2200 1326 in'
2240 1295 2373 1327 com-

1493 1341 1768 1390 moti6nem
1809 1342 1959 1408 pedes
1994 1359 2150 1392 meos.

1496 1407 1744 1467 Qubniam
1770 1409 1989 1473 probzisti
2022 1426 2133 1471 nos,
2160 1411 2293 1458 Deus
2315 1429 2325 1458 :
2354 1413 2375 1429 *

1494 1471 1609 1538 igne
1650 1491 1741 1523 nos
1781 1475 2073 1525 examinzisti
2094 1513 2106 1536 ,
2143 1476 2273 1525 sicut
2294 1493 2376 1526 ex-

1495 1538 1748 1588 amimitur
1769 1542 2053 1608 argentum.

1493 1603 1736 1654 Induxisti
1768 1623 1858 1656 nos
1907 1608 1959 1656 in
1996 1607 2259 1674 laeiqueum,
2289 1625 2375 1674 po-

1493 1669 1631 1719 suisti
1670 1671 2020 1722 tribulatit'mes
2040 1675 2093 1722 in
2116 1673 2265 1723 dorso
2290 1691 2376 1722 no·

1494 1745 1597 1784 stro
1638 1739 1689 1784 ε*
1713 1738 1990 1804 imposuisti
2027 1739 2258 1789 h6mines
2298 1757 2375 1789 su-

1494 1818 1585 1867 per
1619 1803 1783 1868 czipita
1821 1814 2007 1854 nostra.

1495 1869 1834 1918 'transivimus
1910 1888 1999 1936 per
2077 1871 2246 1937 ignem

1496 1949 1679 1998 aquam
1734 1954 1744 1983 :
1794 1939 1810 1956 ¹*
2082 1937 2090 1946 ‘

1495 2000 1835 2066 refrigerium.

1496 2065 1717 2116 lntroibo
1740 2068 1794 2117 in
1811 2067 2019 2117 domum
2045 2078 2183 2117 tuam
2207 2067 2261 2118 in
2291 2068 2379 2117 ho-

1495 2130 1728 2183 loeziustis
1763 2152 1776 2182 :
1813 2134 1835 2156 *
1869 2134 2080 2184 reddam
2123 2134 2213 2183 tibi
2260 2145 2377 2184 vota

1496 2213 1646 2260 mea,
1696 2217 1806 2267 quae
1851 2200 2186 2249 distinxerunt
2241 2199 2376 2249 laibia

1498 2279 1625 2313 mea.

1497 2333 1565 2380 Et
1593 2331 1818 2382 locutum
1845 2342 1920 2382 est
1948 2349 2004 2381 os
2038 2349 2207 2381 meum
2230 2370 2241 2393 ,
2269 2334 2291 2353 *
2323 2335 2377 2382 in

1499 2395 1820 2448 tribulatit'me
1856 2416 1985 2447 mea.

1501 2462 1796 2514 Holocziusta
1850 2464 2123 2514 medullzita
2167 2464 2376 2513 bfferam

1499 2526 1588 2575 tibi
1637 2547 1751 2579 cum
1798 2531 2003 2580 incenso
2042 2531 2257 2580 arietum
2308 2550 2317 2578 ε
2360 2533 2380 2548 *

1505 2593 1714 2644 &fferam
1752 2596 1841 2645 tibi
1877 2596 2027 2646 boves
2054 2614 2169 2647 cum
2206 2596 2375 2645 hircis.

1501 2662 1710 2723 Venite,
1757 2662 1927 2712 audite
1950 2700 1962 2723 ‚
2014 2673 2065 2712 et
2125 2663 2341 2712 narraibo
2364 2702 2375 2719 ,

1501 2742 1678 2777 omnes
1724 2729 1807 2794 qui
1859 2729 2045 2777 timetis
2114 2731 2310 2789 Deum,
2362 2731 2381 2748 *

1503 2804 1693 2855 quanta
1733 2795 1857 2844 fecit
1899 2796 2079 2845 dnimae
2120 2812 2259 2844 meae.

1500 2860 1580 2907 Ad
1615 2859 1775 2926 ipsum
1813 2878 1899 2909 ore
1927 2878 2039 2910 meo
2082 2861 2291 2911 clamavi
2322 2898 2333 2920 ,

1499 2936 1552 2975 et
1581 2927 1792 2975 exaltzivi
1831 2926 1926 2976 sub
1966 2928 2137 3008 lingua
2180 2943 2309 2975 mea.

1501 2993 1821 3058 lniquitittem
1860 2995 1901 3042 si
1940 2993 2108 3060 aspexi
2143 2993 2197 3041 in
2229 2991 2381 3042 corde

1501 3075 1633 3120 mee,
1682 3059 1700 3079 '⁹
1743 3075 1846 3108 non
1914 3058 2149 3108 exaiudiet
2201 3059 2381 3107 Dinni-

1501 3141 1614 3174 nus.

1501 3190 1781 3256 Propterea
1842 3191 2095 3240 exaudivit
2144 3192 2279 3241 Deus
2298 3228 2311 3251 ,

1500 3265 1552 3306 et
1593 3257 1809 3306 attendit
1851 3258 1960 3306 voci
2019 3257 2383 3323 deprecatidnis

1501 3339 1642 3372 meae.

1505 3388 1800 3438 Benedictus
1846 3389 1977 3436 Deus
2004 3425 2016 3448 ,
2135 3389 2222 3454 qui
2278 3405 2383 3438 non

1503 3455 1694 3504 amdvit
1737 3455 2017 3503 oratit'mem
2084 3471 2251 3506 meam
2273 3493 2285 3517 ‚
2334 3464 2385 3504 et

1504 3519 1896 3571 misericbrdiam
1919 3537 2064 3570 suam
2084 3538 2115 3571 a
2132 3539 2230 3572 me.

2327 1881 2378 1920 et

1861 1945 1911 1985 et
1945 1935 2158 2000 eduxisti
2190 1953 2281 1986 nos
2321 1938 2376 1985 in

2361 2860 2381 2879 ff

2362 3191 2383 3209 ὑ

2064 3388 2085 3409 ἡ
