3062 4145
1011 461 1139 508 infra
1168 461 1330 510 Hebd.
1359 472 1545 511 sextum
1569 471 1679 527 post
1700 461 2048 527 Epiphaniam.
2321 467 2417 513 305

633 551 839 619 ·6proba
860 561 932 603 est
952 590 967 613 ,
996 562 1049 603 et
1072 552 1345 603 maledicto
1370 552 1493 620 pro-—
1515 552 1528 596 Ι
1835 554 2003 603 Lectio
2041 556 2107 619 iij.

633 620 757 668 zima
800 638 812 669 :
849 619 990 685 cujus
1034 620 1402 669 consummetio
1443 620 1495 668 in
1586 628 1700 668 ‘nm
1724 618 1825 669 ulla
1855 629 2024 670 autem
2056 621 2418 673 contradictio-

633 684 1042 737 :ombustit'mem.
1072 685 1389 735 Confidimus
1412 702 1495 734 au·
1514 709 1521 730 ι
1540 704 1591 740 ιη
1653 702 1717 735 ne
1740 724 1751 747 ,
1775 685 1911 751 quod
1936 686 2106 736 minus
2130 696 2205 736 est
2222 726 2234 746 ,
2262 706 2293 737 a
2315 706 2414 739 me-

634 768 723 801 em
755 750 820 801 de
842 750 1013 813 vobis,
1035 750 1366 811 dilectissimi,
1394 768 1495 801 me·
1514 745 1520 768 ¹
1541 750 1665 800 libre
1699 750 2031 801 benedicitur.
2067 754 2133 803 Et
2176 752 2258 803 hic
2333 754 2415 804 iii-

633 815 1292 878 iera,etvicini‹'›rasa11‘1ti
1333 787 1690 879 :tam-idem,
1731 818 1950 868 decimas
1997 819 2266 869 morientes
2353 822 2415 870 ‹s-

633 884 711 933 ³tsi
750 884 826 933 ita
875 883 1149 950 loquimur.
1196 884 1310 933 Non
1362 872 1704 933 enim'mines
1743 884 1997 950 accipiunt
2045 904 2057 933 :
2104 885 2173 934 ibi
2243 896 2413 937 autem

638 950 841 1016 njiistus
884 951 1035 1011 Deus,
1079 958 1137 999 ut
1181 949 1522 1000 oblivisczituri
1543 950 1875 1011 contestzitur,
1904 951 2023 1017 quia
2063 951 2199 1000 vivit.
2242 953 2307 1003 Et
2341 958 2415 1017 (ut

634 1016 1037 1082 iperisvesui,et
1054 1015 1498 1082 dilectionisque-m
1544 1016 1614 1064 ita
1659 1016 1851 1065 dictum
1879 1017 1958 1077 sit)
2000 1033 2090 1083 per
2121 1017 2375 1067 Abraham
2398 1058 2410 1081 ,

634 1081 915 1131 >stendistis
959 1083 1012 1131 in
1066 1081 1268 1130 nomine
1309 1082 1494 1148 ipsius,
1544 1091 1595 1131 et
1616 1082 1758 1141 Levi,
1803 1082 1888 1148 qui
1923 1082 2143 1131 decimas
2184 1086 2410 1151 accepit,

633 1149 711 1214 .1ui
744 1148 1063 1198 ministrzistis
1094 1148 1277 1197 sanctis
1296 1188 1310 1210 ,
1336 1158 1388 1199 et
1409 1148 1498 1198 mi·
1543 1146 1819 1197 decimatus
1850 1158 1925 1198 est
1952 1168 1962 1197 :
1990 1148 2155 1198 adhuc
2192 1150 2326 1200 enim
2362 1153 2415 1201 in

633 1211 868 1263 nistrzitis.
1543 1213 1727 1263 lumbis
1750 1215 1903 1280 patris
1927 1225 2035 1264 erat
2056 1254 2067 1276 ,
2092 1215 2295 1281 quando
2320 1217 2416 1266 ob—

634 1289 669 1343 ς.
694 1279 913 1345 Adji'itor
933 1296 1091 1330 meus.
1121 1283 1241 1330 277.
1544 1280 1696 1329 viaivit
1731 1281 1774 1328 ei
1807 1281 2187 1331 Melchisedech.
2216 1283 2263 1331 Si
2295 1300 2415 1351 ergo

823 1346 1008 1395 FERIA
1046 1344 1298 1409 QUINTA.
1545 1343 1910 1396 consummzitio
1953 1365 2042 1413 per
2080 1349 2413 1413 sacerdotium

727 1412 801 1461 De
823 1412 1048 1479 Epistola
1064 1412 1129 1461 ad
1158 1411 1407 1462 llebraeos.
1544 1412 1818 1462 Leviticum
1855 1423 1963 1462 erat
2007 1415 2234 1480 (populus
2279 1416 2413 1464 enim

821 1478 990 1525 Lectio
1090 1481 1209 1558 (ap.
1250 1482 1297 1527 7.
1544 1477 1638 1527 sub
1689 1479 1794 1544 ipso
1837 1479 2000 1545 lepem
2038 1481 2243 1545 acce'pit)
2291 1482 2411 1548 quid

744 1561 789 1592 ic
816 1543 953 1592 enim
985 1495 1385 1605 Rielchisedech,
1414 1561 1500 1610 rex
1544 1543 1710 1594 adhuc
1767 1522 2101 1595 necesiszirium
2148 1547 2249 1596 fuit
2276 1585 2287 1608 ,
2333 1565 2416 1597 se—

778 1609 970 1669 Salem,
995 1605 1225 1660 sacerdos
1252 1611 1343 1659 Dei
1368 1627 1498 1658 sum·
1518 1643 1522 1648 ·
1544 1611 1765 1659 ctindum
1790 1611 2017 1660 ordinem
2052 1612 2413 1664 Melchisedech

633 1676 724 1735 mi,
762 1676 849 1742 qui
882 1674 1101 1725 obviaeivit
1134 1675 1371 1735 Abrahae,
1417 1693 1501 1725 re-
1543 1676 1696 1725 zilium
1733 1675 1935 1744 snrgere
1981 1677 2326 1740 sacerdotem,
2366 1690 2417 1729 et

633 1741 797 1808 gresso
822 1758 851 1790 a
892 1741 1025 1792 caede
1077 1759 1283 1811 regum,
1322 1739 1373 1791 et
1416 1741 1645 1833 be·,non
1683 1743 1958 1792 seci'mdum
1982 1743 2207 1793 ordinem
2250 1744 2414 1795 Aaron

633 1807 829 1857 nedixit
880 1808 926 1856 ei
990 1826 1001 1856 t
1054 1809 1134 1858 cui
1183 1818 1235 1858 et
1279 1808 1680 1858 decimas-dici?
1722 1809 1985 1858 Translzito
2014 1811 2148 1859 enim
2176 1811 2413 1860 sacerdo-

633 1874 861 1923 bmnium
878 1873 1045 1923 divisit
1078 1874 1333 1924 Abraham
1364 1893 1374 1922 :
1404 1875 1499 1940 pri·
1548 1874 1616 1923 tio
1643 1913 1655 1935 ,
1699 1875 1897 1924 necesse
1945 1885 2018 1925 est
2073 1885 2130 1924 ut
2184 1887 2236 1927 et
2292 1877 2414 1945 legis

633 1956 773 1989 mum
796 1939 1002 2006 quidem
1036 1941 1121 2006 qui
1146 1941 1502 2007 interpretatur
1547 1940 1803 1990 translatio
1843 1940 1950 1990 fiat.

633 2022 720 2055 rex
746 2005 951 2072 justitiae
979 2024 990 2054 :
1026 2005 1208 2056 deinde
1242 2016 1412 2056 autem
1453 2016 1503 2056 et
1542 2006 1936 2071 n,'.Gaudeb11nt.
1960 2009 2078 2057 278.

633 2088 719 2121 rex
754 2072 938 2134 Salem,
964 2073 1099 2139 quod
1118 2082 1209 2134 est,
1237 2090 1324 2123 rex
1347 2074 1498 2139 pacis,
1759 2072 1947 2122 FERIA
1979 2071 2208 2123 SEXTA.

633 2139 739 2188 sine
823 2148 958 2200 atre,
998 2138 1105 2187 sine
1158 2149 1346 2200 matre,
1396 2139 1501 2189 sine
1635 2140 1708 2189 De
1731 2138 1954 2205 Epistola
1974 2139 2039 2189 ad
2063 2139 2313 2189 Hebraeos.

633 2221 761 2271 gene
814 2204 925 2271 ogia
947 2243 959 2265 ,
996 2220 1159 2271 neque
1182 2206 1382 2255 initium
1406 2205 1504 2255 die·
1596 2266 1599 2269 Δ
1743 2206 1911 2255 Lectio
1936 2207 1978 2269 j.
2012 2209 2133 2273 Cap.
2160 2209 2240 2256 Μ.

633 2288 748 2319 rum
767 2308 779 2330 ,
801 2287 964 2337 neque
983 2270 1137 2320 finem
1157 2272 1267 2321 vitae
1290 2271 1498 2333 habens,
1639 2288 1690 2320 εἰ·
1712 2280 1880 2321 autem
1901 2271 2025 2321 fides
2054 2272 2417 2338 sperandairum

633 2336 932 2385 assimilaitus
976 2346 1145 2386 autem
1205 2337 1327 2387 Filio
1378 2339 1498 2399 Dei,
1546 2280 1638 2393 E
1672 2338 1950 2387 substentia
2011 2355 2207 2399 rerum,
2262 2356 2418 2407 argu-

633 2412 809 2451 manet
846 2402 1075 2452 sace'rdos
1097 2403 1150 2451 in
1184 2404 1498 2470 perpetuum.
1549 2402 1778 2453 mentum
1814 2420 1917 2453 non
1952 2400 2317 2470 apparentium.
2363 2407 2418 2454 ln

634 2480 673 2524 ιζ.
709 2470 874 2530 Deus,
900 2469 954 2517 in
978 2478 1044 2518 te.
1068 2473 1183 2519 277.
1549 2468 1644 2517 hac
1686 2471 1820 2518 enim
1866 2470 2210 2519 testimonium
2251 2488 2418 2521 conse·

644 2526 649 2534 ’
942 2536 1110 2585 Lectio
1138 2533 1651 2601 ij.ct'1ti
1679 2545 1796 2584 sunt
1829 2552 1987 2585 senes.
2024 2536 2143 2586 Fide
2178 2537 2420 2652 ἰηῑείἰίῗ-

679 2617 901 2650 mmimt
946 2611 1115 2650 autem
1172 2612 1388 2668 quantus
1444 2604 1507 2653 sit
1552 2618 1661 2650 mus
1697 2598 1867 2668 aptzita
1901 2619 2006 2651 esse
2045 2603 2223 2653 saecula
2265 2620 2353 2652 ver
2389 2621 2419 2653 o

636 2610 671 2721 [
715 2666 830 2727 hic,
858 2666 938 2715 cui
963 2677 1015 2717 et
1036 2667 1257 2718 decimas
1281 2668 1422 2718 dedit
1443 2669 1506 2718 de
1550 2668 1640 2716 Dei
1671 2687 1682 2715 ε
1714 2679 1769 2717 ut
1792 2686 1852 2717 ex
1884 2667 2212 2718 invisibilibus
2256 2670 2419 2725 visibi-

633 2731 1175 2798 praecipuis.Abraham
1201 2735 1502 2800 patriercha.
1551 2733 1618 2781 lia
1651 2734 1853 2784 fierent.
1887 2734 2007 2785 Fide
2040 2735 2307 2801 phirimam
2331 2736 2419 2784 hi]-

633 2800 697 2847 Et
720 2798 927 2864 quidem
952 2800 1015 2849 de
1037 2800 1156 2849 filiis
1190 2802 1306 2851 Levi
1339 2818 1507 2851 sacer-
1551 2800 1697 2848 stiam
1719 2799 1867 2861 Abel,
1896 2817 2048 2867 quam
2071 2802 2211 2862 Cain,
2238 2802 2416 2852 obtulit

633 2864 829 2913 dotium
866 2866 1502 2931 accipientes,mandaitnm
1551 2867 1685 2926 Deo,
1733 2884 1822 2933 per
1861 2884 2013 2933 quam
2076 2867 2416 2917 testimonium

632 2930 827 2979 habent
864 2931 1084 2982 decimas
1106 2933 1302 2983 siimere
1337 2949 1366 2982 a
1411 2936 1506 3000 p6-
1550 2935 1844 2982 consectatus
1883 2942 1957 2982 est
1992 2949 2096 2982 esse
2124 2934 2311 2998 justus,
2349 2943 2418 2983 te-

634 2997 753 3062 pulo
793 2997 1069 3047 secondum
1100 2999 1291 3066 legem,
1320 2999 1370 3048 id
1403 3010 1499 3060 est,
1549 2999 1839 3048 stimonium
1876 2998 2170 3065 perhibente
2202 3001 2418 3049 muneri-

633 3080 660 3111 a
684 3063 929 3113 fraitribus
951 3065 1052 3114 suis
1090 3083 1101 3112 ε
1124 3082 1429 3131 quamquam
1454 3062 1528 3165 εἰ,
1549 3064 1642 3114 bus
1665 3065 1770 3131 ejus
1804 3067 1933 3126 Deo,
1961 3075 2011 3114 et
2047 3083 2137 3132 per
2158 3066 2295 3116 illam
2337 3067 2418 3115 de—

633 3130 722 3195 ipsi
747 3129 961 3179 exierint
983 3130 1045 3180 de
1063 3130 1246 3180 lumbis
1268 3131 1496 3182 Abrahae.
1547 3132 1747 3182 stinctus
1780 3131 1945 3180 adhuc
1979 3132 2215 3197 loquitur.

633 3195 782 3261 Cujus
805 3205 975 3246 autem
993 3198 1250 3264 generaeitio
1279 3215 1380 3247 non
1405 3216 1503 3248 an-
1541 3209 1594 3266 a).
1627 3196 1931 3248 Confitebor.
1970 3201 2085 3248 278.

633 3262 930 3311 numerzitur
951 3261 1003 3311 in
1022 3263 1109 3322 eis»,
1130 3262 1352 3314 decimas
1373 3282 1502 3314 sum·
1787 3266 1795 3273 ‘
1849 3265 2019 3314 Lectio
2040 3266 2093 3329 ij.

633 3329 729 3394 psit
778 3327 845 3378 ab
889 3326 1175 3390 Abraham,
1227 3339 1279 3379 et
1320 3330 1496 3393 hunc,
1540 3342 1551 3348 ·
1646 3347 1722 3379 ωε
1744 3328 1952 3378 llenoch
1977 3329 2245 3379 translzitus
2268 3339 2423 3379 estne

633 3395 715 3464 qui
784 3392 1006 3445 habebat
1058 3396 1497 3463 repromissiones,
1543 3342 1632 3453 F
1666 3391 1865 3444 vide'ret
1909 3405 2162 3456 mortem,
2220 3405 2271 3444 et
2317 3412 2419 3444 non

633 3458 905 3511 benedixit.
1549 3461 1898 3512 inveniebaitur
1925 3500 1936 3522 ,
1997 3463 2115 3528 quia
2166 3462 2421 3512 trainstulit

703 3527 993 3595 Replezitur.
1021 3529 1137 3578 277.
1549 3527 1690 3578 illum
1713 3530 1844 3578 Deus
1873 3547 1883 3577 ε
1911 3537 2028 3578 ante
2045 3527 2417 3578 translationem

2046 3598 2128 3646 26.
