3062 4145
994 464 1131 512 Fet-ia
1160 463 1334 527 quinta
1371 460 1435 509 ad
1467 459 1787 507 Matutinum.

525 545 763 596 Exultent
778 554 830 595 et
839 540 1070 595 laete'ntur
1092 544 1143 593 in
1164 552 1214 593 te
1232 559 1406 593 omnes

524 613 613 679 qui
660 620 893 679 qnaerunt
947 620 997 660 te
1018 649 1031 671 ,
1066 610 1087 631 *
1139 619 1191 659 et
1235 609 1407 658 dicant

522 695 724 745 semper
745 698 756 727 ε
775 673 1123 745 Magnificatur
1138 674 1403 725 Dominus:

524 746 613 859 (Elui
634 744 855 811 diligunt
873 739 1089 793 salutare
1112 751 1275 791 tuum.

560 828 629 879 go
684 827 806 859 vero
852 810 1041 877 egenus
1062 848 1074 870 ,
1124 817 1175 858 et
1219 823 1408 874 pauper

524 894 637 927 sum
668 876 722 925 τ’
742 878 876 926 Deus
896 914 909 936 ‚
945 872 1126 942 adjuva
1158 890 1258 923 me.
1353 890 1356 892 ’

527 941 739 1008 Adjutor
794 958 938 992 meus
972 980 985 1001 ‚
1052 950 1103 991 et
1169 934 1409 989 liberator

525 1026 671 1059 meus
726 1024 778 1057 es
811 1018 868 1057 tu
911 1027 924 1057 :
971 1009 992 1028 *
1034 1005 1248 1058 Domine
1275 1044 1287 1067 ‚
1342 1022 1408 1055 ne

527 1071 756 1125 more'ris.

528 1144 650 1192 Asia.
683 1138 897 1190 Domine
929 1140 1064 1189 Deus
1086 1177 1099 1199 ‚
1138 1139 1192 1188 in
1225 1135 1411 1204 adjuto·

528 1207 659 1256 rium
695 1222 866 1256 meum
888 1201 1111 1255 intende.

529 1277 651 1324 Alla-
676 1273 799 1321 Esto
822 1271 965 1321 mih]-

805 1339 1025 1389 Psalmus
1057 1339 1137 1384 70.

535 1417 539 1420 ⁴
568 1417 612 1453 'n
632 1413 683 1453 te
705 1442 717 1463 ‚
756 1403 969 1452 Domine
996 1441 1009 1464 ,
1046 1403 1240 1469 speravi
1267 1441 1279 1464 ‚
1306 1420 1409 1452 non

529 1417 577 1528 l
615 1468 907 1520 confundar
939 1469 991 1518 in
1009 1469 1250 1519 aeternum
1276 1488 1287 1518 ε
1315 1471 1332 1489 ‘
1356 1470 1410 1518 in

526 1535 725 1601 justitia
776 1545 862 1585 tua
900 1535 1059 1584 libera
1089 1552 1172 1585 me
1194 1573 1206 1597 ,
1235 1545 1286 1585 et
1319 1531 1410 1585 eri-

533 1618 594 1667 pe
631 1619 732 1651 me.

537 1667 731 1718 inclina
771 1668 835 1716 ad
860 1685 941 1718 me
964 1684 1138 1717 aurem
1181 1677 1318 1717 tuam
1341 1706 1353 1729 ,

533 1742 584 1782 et
604 1733 742 1783 salva
766 1751 866 1783 me.

1391 1668 1413 1688 ἡ

533 1805 643 1852 Esto
692 1799 818 1850 mihi
861 1801 915 1850 in
968 1802 1129 1850 Deum
1166 1801 1412 1866 protecto·
1457 1806 1582 1854 mini

533 1882 642 1914 rem
664 1904 677 1927 ,
722 1875 774 1915 et
815 1867 869 1915 in
906 1867 1071 1916 locum
1108 1865 1358 1916 munitum

533 1932 553 1952 *
575 1940 634 1981 ut
648 1932 844 1981 salvum
873 1949 956 1982 me
982 1930 1156 1982 facias,

534 1996 785 2064 Quoniam
810 1997 1188 2048 firmamentum
1211 2015 1412 2060 meum,

535 2065 556 2085 ‘
588 2073 641 2113 et
676 2062 929 2132 refugium
963 2081 1134 2115 meum
1160 2080 1213 2114 es
1240 2074 1314 2114 tu.

536 2137 667 2182 Deus
690 2147 860 2191 meus,
888 2126 1024 2197 eripe
1058 2147 1140 2180 me
1176 2131 1238 2180 de
1263 2148 1416 2181 manu

571 2196 810 2247 eccatoris
826 2232 841 2258 ,
864 2197 883 2217 *
906 2206 958 2246 et
978 2197 1043 2246 de
1066 2214 1221 2247 manu
1244 2207 1421 2247 contra

556 2280 703 2330 egem
726 2258 921 2330 agentis
943 2272 995 2313 et
1010 2262 1167 2329 iniqui
1199 2283 1210 2312 :

538 2329 786 2393 (moniam
811 2338 870 2377 tu
901 2346 954 2378 es
991 2326 1235 2395 patientia
1263 2347 1378 2379 mea
1404 2368 1416 2391 ‚

535 2394 754 2444 Domine
781 2413 792 2443 :
824 2396 845 2415 *
874 2394 1086 2445 Domine
1112 2434 1125 2457 ,
1168 2413 1279 2462 spes
1307 2413 1422 2446 mea

538 2459 850 2527 ajuventute
873 2478 1002 2511 mea.

541 2535 596 2578 ln
609 2538 660 2577 te
678 2524 1008 2578 confirmatus
1025 2546 1135 2577 sum
1160 2545 1221 2577 ex
1238 2526 1381 2577 utero
1407 2547 1418 2577 ε

538 2595 558 2614 '
601 2594 667 2644 de
710 2602 886 2642 ventre
914 2596 1089 2644 matris
1119 2611 1242 2644 meae
1271 2604 1324 2643 tu
1371 2612 1424 2643 es

539 2655 796 2726 protector
818 2676 974 2710 meuS.

542 2732 598 2777 ln
632 2736 681 2776 te
722 2722 943 2775 cantatio
980 2744 1096 2777 mea
1129 2743 1328 2792 semper
1357 2745 1368 2775 :

543 2801 803 2858 tamquam
822 2792 965 2858 prodi
1002 2794 1106 2842 ium
1132 2794 1290 2842 sactus
1313 2810 1423 2842 sum

544 2858 717 2909 multis
745 2877 757 2906 :
779 2867 831 2907 et
856 2868 907 2908 tu
928 2876 956 2908 a
987 2860 1128 2925 jutor
1145 2860 1302 2908 fortis.

546 2920 815 2992 Repleaitur
852 2943 907 2974 os
944 2942 1113 2974 meum
1152 2926 1299 2974 laude
1320 2963 1332 2986 ‚
1370 2934 1427 2973 ut

544 3001 745 3042 cantem
763 2990 974 3058 gloriam
989 3001 1125 3041 tuam
1146 2993 1193 3040 ε’
1218 3001 1324 3041 tota
1344 2991 1426 3040 die

545 3056 948 3125 magnitudinem
972 3067 1129 3107 tuam.

547 3127 615 3174 Ne
637 3122 871 3190 projicias
904 3141 986 3173 me
1012 3125 1066 3173 in
1099 3119 1323 3190 tempore
1347 3124 1426 3172 ‘se-

545 3189 762 3240 nectutis
790 3208 803 3238 ι
831 3191 852 3212 *
870 3207 985 3240 cum
1007 3186 1250 3239 defecerit
1271 3190 1428 3238 virtus

546 3273 659 3307 mea
686 3294 699 3318 ,
726 3272 791 3305 ne
829 3255 1147 3322 derelinquas
1169 3273 1268 3305 me.

545 3324 674 3388 Quia
690 3321 1132 3372 dixeruntinimici
1156 3323 1256 3371 mei
1282 3321 1426 3370 mihi:

547 3388 567 3409 *
604 3399 658 3440 et
704 3389 792 3455 qui
824 3387 1175 3438 custodiebant
1205 3385 1428 3437 animam

549 3472 714 3506 meam
742 3494 754 3517 ‚
788 3455 1054 3506 eonsilium
1108 3455 1338 3505 fecerunt
1377 3454 1429 3502 in

548 3538 725 3573 unum.

612 3606 839 3639 ammas.

1403 2727 1424 2747 ὑ

2258 458 2324 505 73

1450 544 1681 595 Βίοὲηῐεε
1711 561 1723 593 :
1747 545 1880 593 Deus
1902 541 2167 608 dereliquit
2188 558 2323 603 eum,

1450 616 1804 682 persequimini
1835 654 1846 677 ,
1905 624 1957 664 et
2007 610 2330 681 comprehen-

1450 682 1553 731 dite
1593 699 1709 732 eum
1750 682 1809 731 τ’
1836 682 1956 747 quia
1988 696 2093 729 non
2136 689 2212 729 est
2238 681 2324 747 qui

1451 748 1646 815 eripiat.

1454 817 1582 864 Deus
1608 853 1620 876 ,
1647 830 1712 863 ne
1752 808 1997 881 elonge'ris
2035 828 2067 861 a
2112 828 2195 861 me
2246 830 2257 860 ε

1450 882 1582 930 Deus
1599 896 1769 941 meus,
1800 880 1853 928 in
1882 877 2123 927 auxilium
2155 894 2326 927 meum

1453 947 1657 1013 respice.

1453 1009 1843 1061 Confunda‘ntur
1864 1049 1876 1072 ‚
1906 1020 1957 1059 et
1992 1008 2232 1059 deficiant
2252 1008 2332 1058 de·

1454 1074 1711 1127 trahentes
1749 1074 1929 1127 a'nimae
1968 1092 2092 1125 meae
2124 1094 2135 1123 :
2164 1076 2331 1141 *.ope·

1455 1140 1652 1194 riantur
1686 1141 1980 1193 confusione
2003 1181 2015 1204 ,
2052 1151 2104 1191 et
2142 1141 2331 1207 pudore

1455 1211 1539 1277 qui
1571 1219 1802 1277 quaerunt
1823 1208 1958 1258 mala
1982 1207 2125 1258 mihi.

1455 1280 1560 1345 Ego
1592 1285 1760 1340 autem
1789 1292 1987 1340 semper
2019 1272 2229 1340 sperabo
2266 1291 2276 1321 :
2310 1273 2332 1293 *

1455 1352 1506 1392 et
1536 1342 1767 1408 adjiciam
1811 1357 1960 1408 super
1994 1356 2198 1390 omnem
2234 1338 2332 1388 lau·

1453 1409 1570 1458 dem
1593 1418 1750 1457 tuam.

1455 1477 1536 1524 Os·
1580 1490 1750 1524 meum
1815 1467 2137 1522 annuntiabit
2180 1472 2333 1537 justi—

1455 1541 1579 1590 tiam
1613 1550 1753 1589 tuam
1799 1559 1810 1588 :
1837 1541 1858 1561 *
1884 1548 1990 1588 tota
2004 1537 2087 1587 die
2118 1535 2333 1587 salutare

1456 1617 1617 1656 tuum.

1456 1672 1704 1736 Quoniam
1722 1687 1825 1720 non
1859 1670 2069 1738 cognovi
2092 1669 2334 1720 litteratu-

1458 1756 1568 1788 ram
1595 1778 1607 1800 ‚
1633 1737 1853 1788 introibo
1881 1737 1935 1785 in
1971 1730 2219 1803 pote'ntias
2241 1736 2334 1785 Do·

2304 812 2326 831 ἡ

1617 1823 1628 1852 :
1665 1805 1686 1825 *
1727 1802 1939 1852 Domine
1961 1840 1973 1863 ,
2016 1797 2337 1851 memorabor

1400 1886 1410 1915 ε
1452 1870 1658 1938 justitiae
1682 1879 1776 1918 tuae
1793 1868 1960 1918 solius.

1462 1940 1593 1986 Deus
1613 1975 1625 1998 ‚
1668 1934 1880 1984 docuisti
1911 1949 1993 1982 me
2018 1949 2049 1982 a
2072 1931 2336 1998 juventute

1461 2020 1576 2052 mea
1615 2021 1626 2052 :
1652 2003 1673 2023 *
1697 2010 1749 2051 et
1769 2016 1928 2066 usque
1956 2015 2093 2048 nunc
2117 2016 2337 2065 pronun-

1462 2066 1598 2119 tia'bo
1621 2066 1869 2117 mirabilia
1891 2075 2003 2118 tua..

1462 2138 1499 2185 F,
1513 2145 1535 2185 t
1550 2151 1706 2201 usque
1724 2134 1776 2182 in
1784 2133 2035 2182 senectam
2054 2140 2107 2181 et
2115 2131 2310 2182 senium
2326 2150 2337 2180 τ

1463 2202 1484 2222 *
1501 2204 1633 2251 Deus
1653 2239 1666 2261 ,
1697 2216 1762 2249 ne
1785 2198 2102 2263 derelinquas
2137 2213 2237 2246 me.

1463 2270 1634 2317 Donec
1707 2264 2007 2315 annuntiem
2076 2262 2343 2312 brachium

1465 2342 1609 2382 tuum
1638 2333 1659 2353 *
1681 2330 1989 2399 generationi
2020 2330 2159 2378 omni
2188 2367 2200 2390 ‚
2227 2345 2337 2395 quae

1464 2398 1676 2449 ventura
1699 2406 1774 2447 est
1800 2416 1810 2445 :

1467 2464 1746 2515 Potentiam
1799 2472 1938 2511 tuam
1957 2499 1969 2522 ,
2020 2470 2071 2510 et
2096 2460 2344 2526 justitiam

1467 2540 1636 2592 tuam,
1669 2531 1828 2588 Deus,
1872 2544 2029 2593 usque
2069 2527 2122 2575 in
2162 2526 2347 2576 altissi-

1468 2613 1585 2658 ma,
1624 2612 1733 2662 quae
1778 2593 1940 2643 fecisti
1971 2593 2225 2669 magnalia
2271 2612 2282 2641 :
2325 2594 2347 2613 *

1467 2665 1627 2723 Deus,
1653 2662 1764 2727 quis
1791 2659 1965 2709 similis
1986 2658 2115 2707 tib1?

1467 2732 1679 2793 Quantas
1723 2724 1981 2776 ostendisti
2016 2724 2141 2773 mihi
2173 2724 2337 2774 tribu-

1469 2794 1676 2844 lationes
1707 2792 1890 2841 multas
1912 2830 1923 2852 ‚
1967 2800 2019 2839 et
2052 2791 2209 2839 malas
2250 2810 2261 2839 z
2296 2800 2347 2839 et

1469 2860 1736 2910 conversus
1774 2856 2031 2907 vivificasti
2073 2874 2155 2906 me
2188 2875 2199 2905 ε
2242 2858 2264 2878 *
2299 2866 2350 2906 et

1469 2927 1533 2976 de
1573 2925 1758 2993 abyssis
1795 2934 1938 2973 terrae
1973 2922 2155 2973 iterum
2196 2922 2352 2971 redu-

1470 2992 1582 3042 xisti
1623 3009 1705 3041 me
1735 3010 1745 3039 ε

1469 3057 1811 3125 Multiplicasti
1922 3054 2353 3122 magnificentiam

1471 3135 1612 3175 tuam
1641 3143 1652 3173 ε
1689 3124 1710 3144 *
1734 3131 1785 3172 et
1823 3118 2088 3172 conve'rsus
2122 3120 2353 3170 consola-

1472 3202 1552 3242 tus
1575 3206 1627 3240 es
1656 3205 1754 3239 me.

1472 3259 1601 3307 Nam
1645 3265 1696 3306 et
1728 3272 1821 3322 ego
1852 3252 2131 3304 confitebor
2165 3251 2255 3300 tibi
2302 3253 2353 3300 in

1471 3323 1604 3372 vasis
1641 3321 1819 3389 psalmi
1841 3317 2112 3369 veritatem'
2128 3327 2266 3366 tuam
2297 3336 2307 3366 :
2334 3319 2356 3339 *

1474 3391 1629 3450 Deus,
1657 3387 1865 3454 psallam
1897 3385 1989 3434 tibi
2033 3385 2086 3433 in
2125 3384 2317 3434 eithara
2338 3423 2350 3445 ,

1475 3464 1679 3504 sanctus
1702 3451 1867 3502 lsrael.

1472 3517 1784 3570 Exultabunt
1805 3517 1939 3568 labia
1962 3533 2076 3567 mea
2103 3534 2219 3567 cum
2243 3532 2356 3566 can-

2064 3587 2095 3634 7
