3062 4145
992 467 1268 516 Commune
1302 468 1607 518 Confessoris
1635 470 1903 519 Pontificis.
1946 471 2103 520 Laud.

2373 476 2439 540 hij

633 560 848 612 ornaivit
879 579 1015 625 eum,
1057 564 1238 613 stolam
1267 564 1436 631 gloriae
1460 564 1527 614 in·
1571 564 1738 615 erotus
1766 573 1841 614 est
1883 584 1895 613 ε
1934 565 2053 631 quia
2086 574 2205 615 sunt
2238 565 2448 615 nonno!-

633 628 757 678 tluit
798 645 915 678 eum
946 648 957 678 ε
997 624 1026 653 *
1056 630 1123 679 Et
1160 630 1225 679 ad
1259 640 1426 696 portas
1449 647 1528 697 pa·
1571 629 1627 691 li,
1658 632 1743 697 qui
1777 631 1869 680 etsi
1914 626 2113 680 interna
2152 648 2211 680 ac
2234 633 2445 698 mystica

633 694 799 745 radisi
828 694 1086 745 coronzivit
1116 713 1249 745 eum.
1283 691 1332 745 il-
1360 697 1528 747 Induit
1570 697 1832 762 penetrore
1858 698 2109 757 nesciunt,
2149 714 2240 763 pro
2273 698 2445 747 inten-

633 776 763 810 eum
818 762 1063 811 Dominus
1112 763 1319 811 loricam
1369 763 1520 824 fidei,
1571 762 1705 812 tione
1759 772 1931 813 tamen
1988 763 2213 830 supe'rnae
2272 764 2445 829 potriae

633 836 690 876 et
723 828 928 877 ornzivit
966 845 1098 877 eum.
1136 830 1202 877 Et
1235 828 1299 877 ad

1334 839 1519 895 portas.
1569 828 1754 879 docent
1793 840 1931 879 recta
1955 846 2080 895 quos
2119 839 2352 895 possunt,
2379 830 2444 907 de

634 888 956 940 Benedictio.
998 894 1148 961 Cujus
1175 896 1363 944 festum
1399 896 1526 945 coli-
1567 895 1685 960 ipsis
1723 895 2075 956 exterioribus,
2109 912 2218 977 quae
2248 911 2445 961 accepe-

644 974 786 1009 mus.

932 1022 1101 1071 Lectio
1131 1022 1234 1087 viij.

643 1094 832 1238 Quis
874 1092 1042 1171 it'aque
1087 1093 1179 1141 iste
1218 1091 1372 1142 homo
1412 1102 1519 1154 est,

761 1158 848 1224 qui
862 1175 1067 1226 peregre
1090 1158 1436 1224 proficiscitur,
1457 1162 1525 1208 ni-

1568 970 1688 1011 runt
1709 1000 1721 1023 ‚
1777 960 1987 1028 duplum
2040 962 2285 1011 talentum
2332 978 2444 1028 por-

1569 1035 1678 1076 tant
1717 1047 1728 1076 :
1767 1028 1991 1093 dumque
2025 1044 2077 1076 se
2106 1044 2137 1076 a
2173 1027 2337 1077 camis
2366 1044 2445 1093 pe-

1568 1094 1779 1142 tulzintia
1801 1132 1812 1151 ‚
1858 1102 1910 1143 et
1942 1110 1973 1142 a
2013 1090 2328 1143 tet-remitum
2370 1110 2444 1143 re-

1567 1176 1680 1208 rum
1705 1156 1916 1222 aimbitu,
1944 1169 2093 1227 atque
2124 1177 2156 1209 a
2175 1158 2446 1209 visibilium

744 1225 787 1274 si
821 1222 1129 1291 Redemptor
1152 1234 1338 1286 noster,
1365 1226 1521 1291 quiin
1564 1225 1819 1292 voluptaeite
1871 1226 2183 1284 custodiunt,
2242 1225 2307 1275 ab
2365 1225 2444 1274 his

640 1306 706 1340 ea
746 1307 901 1340 carne
948 1307 1099 1357 quam
1147 1292 1485 1358 assiimpserat
1506 1331 1517 1353 ,

640 1354 772 1406 obiit
818 1357 872 1405 in
910 1357 1125 1406 coelum?
1166 1357 1340 1406 Carnis
1384 1358 1518 1406 enim

640 1421 786 1472 locus
819 1421 1048 1489 proprius
1088 1432 1224 1472 terra
1262 1432 1338 1472 est
1352 1439 1367 1485 3
1411 1441 1521 1490 quae

640 1489 785 1555 quasi
798 1488 862 1538 ad
881 1489 1143 1557 peregrina
1160 1488 1374 1552 docitur,
1396 1489 1520 1538 dum

638 1570 737 1623 per
775 1554 1161 1621 Redemptorem
1201 1564 1429 1604 nostrum
1468 1557 1519 1605 in

640 1620 773 1671 eoelo
832 1616 1121 1671 colloczitur.
1196 1619 1290 1671 Sed
1366 1620 1522 1670 homo

638 1687 739 1737 iste
779 1687 987 1755 peregre
1023 1687 1342 1754 proficiscens
1371 1689 1521 1737 servis

638 1754 748 1803 suis
803 1752 938 1803 bona
986 1769 1076 1803 sua
1113 1753 1342 1814 tradidit,
1403 1754 1521 1820 quia

639 1818 879 1869 fidelibus
914 1821 1015 1870 suis
1054 1817 1331 1885 spirituzilia
1387 1819 1520 1869 dona

636 1885 904 1936 concessit.
928 1887 994 1935 Et
1025 1886 1114 1934 uni
1142 1885 1347 1951 quidem
1377 1887 1520 1952 quin-

635 1969 740 2018 que
774 1947 986 2013 talenta,
1019 1951 1102 2001 {ilii
1130 1951 1255 2010 dun,
1289 1952 1372 2000 alii
1401 1969 1520 2002 vero

634 2016 895 2068 commisit
934 2034 1109 2067 unum.
1148 2018 1380 2084 Quinque
1421 2014 1520 2068 ete·

634 2085 745 2134 nim
781 2093 899 2133 sunt
939 2084 1160 2151 corporis
1215 2100 1413 2145 sensus,
1456 2086 1522 2133 vi·

633 2149 824 2201 delicet
852 2169 863 2198 :
888 2150 1045 2212 visus,
1071 2150 1292 2211 auditus,
1319 2160 1514 2218 gustus,

633 2216 903 2274 odoi-citu&
958 2226 1010 2267 et
1051 2226 1229 2266 tactuS.
1286 2216 1519 2283 Quinque

633 2300 761 2351 ergo
799 2279 1028 2344 talentis,
1065 2282 1256 2332 donum
1298 2284 1519 2349 quinque

633 2350 906 2411 sensuum,
956 2349 1008 2398 id
1062 2358 1173 2409 est,
1217 2347 1517 2399 exteriorum

633 2416 850 2466 scientia
922 2432 983 2464 ex
1019 2414 1235 2464 rimitur.
1313 2415 1518 2465 Duobus

633 2497 758 2533 vero
776 2520 789 2542 ,
856 2481 977 2531 intel
1000 2482 1137 2530 ectus
1193 2490 1245 2530 et
1295 2483 1518 2547 opertitio

633 2547 949 2628 desigmitur.
979 2547 1137 2597 Unius
1169 2556 1338 2595 autem
1369 2548 1520 2597 talen·

634 2615 673 2665 ti
704 2614 940 2675 nomine,
960 2662 966 2667 ,
990 2613 1272 2663 intellectus
1306 2615 1522 2663 tannim-

634 2679 794 2731 modo
834 2678 1143 2747 designetur.

640 2753 689 2810 ις.
729 2747 846 2795 Sint
863 2746 1022 2795 lumbi
1062 2746 1212 2795 vestri
1239 2746 1514 2811 praecincti,

638 2823 687 2863 et
720 2812 943 2862 lucernae
977 2812 1211 2861 ardentes
1257 2812 1309 2860 in
1351 2812 1520 2861 maini-

639 2878 731 2930 bus
764 2879 943 2928 vestris
994 2896 1005 2927 ε
1049 2876 1077 2903 *
1108 2879 1175 2927 Et
1213 2895 1300 2928 vos
1336 2877 1518 2927 similes

639 2944 931 2996 hominibus
952 2944 1330 3012 expectontibus
1363 2943 1518 2993 domi-

637 3027 765 3063 num
801 3027 969 3075 suum,
995 3010 1198 3084 quando
1240 3006 1519 3060 revertzitur

633 3093 658 3127 a
720 3076 931 3144 ntiptiis.
998 3092 1045 3128 y.
1101 3077 1316 3144 Vigilate
1361 3093 1481 3144 ergo
1502 3115 1513 3137 ‚

633 3147 759 3214 quia
804 3143 1005 3194 nescitis
1050 3159 1151 3210 qua
1193 3142 1319 3192 hora
1357 3143 1520 3192 Domi-

633 3227 732 3263 1us
798 3219 964 3259 vester.
1014 3210 1254 3259 venuit-us
1309 3209 1388 3259 sit.
1431 3209 1512 3257 Et.

634 3277 815 3329 {lox-ia
860 3277 1011 3326 Patr-i.
1069 3277 1152 3326 Et.
1217 3273 1398 3323 Bened.
1439 3274 1514 3324 Ad

633 3340 949 3398 ocietzitem.

910 3429 915 3438 ·
952 3406 1121 3457 Lectio
1150 3406 1216 3454 ix.

716 3493 786 3527 en
828 3475 898 3537 is,
941 3475 1026 3542 qui
1065 3475 1288 3540 quinque
1332 3473 1517 3524 talenta

633 3485 721 3601 S
741 3542 1034 3608 acceperat,
1072 3541 1172 3591 tilia
1206 3541 1427 3607 quinque
1453 3539 1521 3588 lu-

1566 1292 1718 1340 etiam
1768 1292 1891 1342 tilios
1932 1291 2253 1342 admone'ndo
2298 1308 2442 1341 com—

1565 1354 1788 1423 pescunt.
1815 1359 1881 1407 Et
1907 1368 2026 1408 sunt
2056 1359 2284 1408 nonnulli
2308 1396 2319 1417 ‚
2357 1359 2444 1424 qui

1566 1425 1706 1489 qnasi
1752 1423 1946 1474 duobus
1997 1424 2197 1473 talentis
2261 1424 2436 1480 diuiti,

1565 1490 1872 1540 intellectum
1911 1499 2063 1556 atque
2098 1491 2441 1556 operationem

1565 1557 1862 1632 percipiunt,
1908 1557 2108 1606 subtilia
2129 1556 2193 1605 de
2233 1552 2443 1606 internis

1565 1623 1873 1690 intelligunt,
1918 1623 2047 1672 mira
2078 1623 2132 1671 in
2177 1623 2443 1672 exteriori—

1564 1687 1659 1738 bus
1687 1684 1977 1754 opertintur.
2027 1689 2253 1754 Cumque
2285 1698 2339 1738 et
2368 1689 2442 1736 in·

1565 1754 1667 1804 telli
1705 1755 1836 1804 endo
1904 1764 1955 1804 et
2014 1754 2269 1831 opertindo
2332 1754 2441 1802 ailiis

1564 1772 1865 1886 praefiicant‚
1925 1837 2065 1886 quasi
2128 1819 2441 1886 duplicotum

1563 1887 1627 1936 de
1672 1886 1872 1954 negotio
1918 1887 2115 1935 lucrum
2160 1887 2433 1952 reportant.

1570 1951 1634 2003 Te
1670 1955 1832 2003 Deum
1873 1952 2152 2001 laudomus.
2193 1955 2271 2001 14.

1801 2018 1885 2068 AD
1933 2017 2205 2080 LAUDES,

1719 2092 1770 2133 et
1803 2100 1892 2149 per
1926 2084 2110 2145 Horas,
2148 2080 2283 2131 Afiae.

1573 2153 1620 2197 ’1.
1670 2152 1800 2201 Ecce
1845 2150 2074 2201 sacerdos
2122 2166 2370 2218 magnuS,
2416 2152 2436 2170 *

1563 2218 1649 2283 qui
1691 2219 1743 2266 in
1773 2216 1950 2267 diebus
1979 2216 2080 2267 suis
2103 2216 2291 2283 plaeicuit
2310 2217 2437 2277 Deo,

1563 2293 1615 2333 et
1653 2279 1884 2333 inventus
1923 2293 1998 2333 est
2023 2284 2203 2349 justus.
2242 2282 2322 2329 Ps‚
2347 2280 2444 2330 Do·

1563 2350 1728 2399 minus
1767 2349 2018 2417 regnovit,
2069 2364 2183 2397 cum
2226 2347 2445 2412 reliquis.

1565 2420 1644 2465 45.

1569 2484 1620 2528 2.
1660 2482 1772 2530 Non
1818 2490 1894 2530 est
1937 2480 2168 2529 inventus
2210 2480 2231 2501 ¹*
2271 2479 2443 2528 similis

1563 2548 1667 2609 illi,
1741 2548 1827 2613 qui
1893 2548 2209 2596 conset-voret
2277 2545 2441 2613 legem

1561 2614 1772 2663 Excelsi.

1569 2683 1618 2727 3.
1673 2680 1790 2729 ldeo
1822 2678 2191 2745 jurejuraindo*
2224 2677 2347 2727 fecit
2381 2677 2441 2726 il-

1563 2746 1667 2795 lum
1706 2746 1953 2795 Dominus
1987 2744 2211 2794 crescere
2246 2744 2299 2792 in
2339 2743 2443 2810 ple-

1562 2810 1679 2862 bem
1723 2828 1883 2861 suam.

1568 2879 1617 2925 4.
1663 2878 1954 2927 Sacerdotes
1981 2877 2090 2937 Dei,
2116 2878 2136 2897 *
2159 2874 2440 2925 benedicite

1560 2945 1828 2996 Dominum
1873 2962 1883 2992 :
1922 2944 2048 2992 servi
2080 2941 2303 3002 Domini,
2343 2941 2441 3007 hy-

1562 3028 1740 3061 mnum
1780 3010 1931 3059 dicite
1960 3011 2089 3070 Deo,
2128 3007 2344 3057 alleluia.

1570 3082 1616 3124 5.
1660 3079 1809 3127 Serve
1854 3077 1985 3125 bone
2013 3078 2033 3095 ¹*
2070 3083 2121 3124 et
2147 3073 2334 3130 fide'lis,
2363 3073 2439 3122 in-

1562 3155 1640 3194 tra
1679 3145 1731 3192 in
1760 3143 1999 3218 goudium
2034 3140 2236 3190 Domini
2277 3141 2368 3189 tui.

1679 3206 1976 3274 Capitulum.
1996 3207 2147 3256 Eccli.
2184 3208 2266 3255 44.
2304 3224 2331 3253 c

1652 3293 1736 3324 cce
1778 3273 2009 3325 sacerdos
2060 3288 2298 3352 magnus,
2351 3271 2437 3336 qui

1560 3282 1722 3399 Ein
1755 3341 1931 3391 diebus
1965 3340 2063 3389 suis
2086 3338 2274 3405 placuit
2310 3339 2434 3394 Deo,

1563 3418 1614 3458 et
1654 3408 1887 3457 inventus
1933 3415 2008 3456 est
2039 3406 2201 3470 justus
2244 3423 2254 3452 z
2297 3413 2349 3454 et
2382 3403 2433 3451 in

1564 3475 1789 3540 tempore
1837 3471 2106 3522 iraci'mdiae
2144 3471 2311 3520 factus
2362 3478 2438 3519 est

1564 3540 1919 3590 reconcilizitio.

2115 3649 2125 3658 ,
2193 3621 2236 3652 F..
