3062 4145
834 322 920 371 Die
946 320 1078 384 xviij.
1105 323 1348 371 Januarii.
1379 326 1636 375 Cathedrae
1671 326 1719 372 S.
1763 326 1895 375 Petri
1957 323 2142 374 llomae.
2268 327 2365 376 393

559 415 721 467 Humi
735 418 967 484 jacebat,
988 434 1106 468 cum
1126 434 1242 468 eum
1273 434 1446 468 neces-
1489 418 1626 469 simae
1681 419 1852 467 Crucis
1897 418 2040 485 signo
2080 416 2369 467 debilitatus

504 478 523 489 ’
559 482 729 533 sarius
744 501 952 535 somnus
977 482 1284 565 occupasset.
1304 484 1445 551 Jeju·
1489 484 1702 553 aufugit.
1731 485 1810 533 Sic
1841 494 2012 534 autem
2054 482 2363 533 daemonibus

558 548 712 599 nium
734 560 905 600 autem
923 547 1051 601 adeo
1075 551 1258 612 coluit,
1286 560 1344 600 ut
1364 567 1444 599 sa·
1489 560 1598 600 erat
1641 549 2004 599 formidolosus
2034 588 2045 610 ,
2104 559 2161 598 ut
2217 549 2362 599 multi

555 614 667 664 lem
694 617 1050 667 tantummodo
1074 617 1140 667 ad
1158 634 1340 683 panem
1360 616 1444 665 ad·
1489 633 1580 682 per
1600 618 1872 683 AEgyptum
1915 616 1981 666 ab
2015 615 2112 665 illis
2151 616 2324 682 agitati
2347 654 2360 677 ,

554 678 767 732 hibe'ret
794 720 806 735 .
846 684 998 735 sitim,
1021 700 1152 750 aqua
1181 684 1446 750 extingue-
1489 684 1720 739 invocato
1754 682 1957 732 nomine
1986 681 2215 741 Antonii,
2242 680 2363 730 libe-

554 756 679 797 ret:
707 764 872 815 neque
911 764 964 799 se
1005 760 1121 799 ante
1144 750 1260 798 solis
1299 750 1444 798 oeca-
1490 750 1724 798 rarentur
1769 768 1780 797 ε
1821 750 2061 815 tantaque
2100 757 2210 796 erat
2258 748 2365 812 ejus

551 828 677 863 sum
718 814 832 866 cibo
872 826 961 865 aut
1016 825 1103 865 otu
1136 814 1395 865 recreabat
1429 834 1440 863 :
1487 814 1628 864 fama
1650 815 1927 865 sanctitatis
1950 853 1962 877 ‚
1989 824 2047 864 ut
2068 831 2157 879 per
2173 814 2365 863 litteras

551 896 627 929 sae
720 882 872 931 etiam
911 881 963 930 bi
1004 899 1127 931 uum
1154 881 1270 931 cibo
1293 880 1447 930 absti-
1488 896 1540 929 se
1576 882 1682 947 ejus
1718 881 2028 931 oratiunibus
2076 880 2363 929 Constanti-

552 946 624 995 ne
698 956 721 995 t
764 965 776 995 t
820 947 1086 1014 saepissime
1127 949 1178 997 in
1217 948 1444 997 oratione
1489 963 1584 996 nus
1606 948 1815 1013 Magnus
1837 957 1890 996 et
1911 948 2007 996 filii
2040 946 2365 995 commenda-

552 1012 908 1077 pernoctabat.
954 1014 1077 1063 Cum
1104 1014 1215 1063 talis
1248 1014 1444 1063 tantus-
1489 1024 1616 1062 rent.
1663 1014 1757 1076 Qui
1804 1012 2075 1079 aliquando
2128 1013 2361 1078 quintum

551 1094 663 1144 que
692 1080 784 1129 Dei
826 1080 971 1129 miles
1016 1081 1249 1129 evasisset
1289 1079 1445 1129 Anto-
1488 1088 1540 1127 et
1582 1075 1909 1129 cente'simum
1955 1096 2144 1128 annum
2170 1094 2323 1145 agens
2348 1116 2360 1134 ‚

548 1144 676 1195 nius
699 1183 713 1206 ,
781 1146 1153 1195 sanctissimum
1203 1146 1442 1212 juvenem
1488 1162 1603 1194 cum
1628 1142 2020 1195 innumerabiles
2045 1146 2120 1194 sui
2145 1144 2361 1193 Instituti

550 1209 721 1260 hostis
768 1211 979 1261 humani
1041 1213 1238 1280 generis
1294 1212 1444 1262 variis
1488 1211 1760 1261 imitatores
1799 1211 2043 1272 haberet,
2080 1211 2365 1260 convocatis

551 1277 924 1327 tentationibus
953 1279 1249 1346 aggreditur
1274 1316 1286 1340 ‚
1357 1296 1444 1328 uas
1489 1278 1752 1327 monachis
1797 1316 1808 1338 ,
1853 1288 1906 1327 et
1957 1278 2023 1327 ad
2082 1277 2361 1343 perfectam

540 1342 639 1392 ille
654 1343 851 1409 jejunio
874 1354 925 1393 et
942 1346 1167 1395 oratione
1189 1295 1438 1394 vince‘lmt.
1487 1343 1769 1394 christianae
1789 1345 1901 1394 vitae
1928 1343 2154 1410 regulam
2182 1343 2361 1391 instru-

547 1409 662 1459 Nec
698 1427 818 1459 vero
874 1411 1113 1477 frequens
1158 1411 1221 1460 de
1267 1411 1444 1460 satana
1487 1411 1602 1471 ctis,
1629 1411 1895 1460 sanctitate
1910 1419 1961 1460 et
1982 1409 2235 1458 miraculis
2259 1408 2363 1456 cla-

551 1475 850 1552 triumphus
910 1479 1140 1527 securum
1200 1476 1445 1526 redde'bat
1488 1493 1572 1525 rus
1598 1477 1833 1544 migravit
1851 1477 1903 1525 in
1927 1477 2136 1535 coelum,
2163 1475 2362 1524 decimo

543 1539 857 1602 Antonium,
884 1544 970 1608 qui
991 1543 1177 1593 diaboli
1209 1544 1442 1593 innume-
1487 1552 1626 1592 sexto
1659 1542 1911 1592 Kalendas
1930 1539 2206 1591 Februarii.

546 1607 742 1658 rabiles
772 1619 907 1658 artes
954 1609 1168 1658 nocendi
1214 1608 1436 1658 noverat.
1495 1619 1547 1673 af.
1575 1612 1670 1658 lste
1711 1609 1864 1657 homo
1924 1609 2138 1674 perfecit
2190 1606 2361 1656 omnia

559 1671 837 1735 *Amavit
854 1691 969 1738 eum
994 1677 1237 1724 Dominus
1260 1714 1272 1730 ,
1295 1685 1347 1724 et
1361 1693 1444 1724 or-
1523 1693 1596 1725 uae
1637 1676 1829 1724 locutus
1883 1684 1960 1724 est
1999 1675 2042 1723 ei
2101 1675 2263 1733 Deus,
2307 1681 2360 1720 et

555 1741 703 1790 navit
748 1758 865 1790 eum
889 1779 901 1801 ‚
942 1742 1121 1791 stolam
1160 1743 1330 1809 gloriae
1363 1743 1443 1790 in—
1487 1694 1614 1791 dixit
1641 1741 1705 1790 ad
1739 1759 1854 1790 eum
1884 1739 2257 1835 :lnssrederein
2280 1737 2362 1786 re-

552 1805 672 1856 duit
694 1823 831 1856 eum.
862 1807 891 1834 *
912 1809 977 1856 Et
1009 1808 1075 1857 ad
1109 1819 1279 1874 portas
1301 1824 1442 1874 para·
1487 1809 1658 1874 quiem
1699 1825 1865 1857 meam
1908 1826 1919 1856 :
2018 1807 2148 1869 Quia
2170 1814 2220 1854 te
2257 1803 2358 1852 vidi

554 1871 656 1922 disi
696 1871 957 1923 coronavit
1001 1891 1135 1923 eum.
1189 1875 1236 1926 il.
1277 1873 1445 1925 Induit
1479 1876 1672 1940 justum
1712 1891 1883 1924 coram
1907 1889 1991 1922 me
2032 1889 2094 1922 ex
2127 1869 2363 1921 omnibus

558 1955 680 1988 eum
706 1940 953 1988 Dominus
980 1940 1188 1990 loricam
1211 1940 1366 2000 fidei,
1394 1949 1445 1989 et
1487 1940 1736 2008 gentibus.
1789 1941 1838 1991 ii.
1865 1941 1959 1989 lste
2000 1948 2075 1988 est
2107 1939 2193 2004 qui
2237 1951 2361 1986 con-

562 2005 769 2055 ornavit
790 2022 927 2055 eum.
948 2007 1031 2056 Et.
1490 2008 1692 2073 tempsit
1713 2008 1866 2056 vitam
1910 2005 2090 2055 mundi
2117 2043 2129 2065 ‚
2157 2013 2209 2054 et
2243 2019 2363 2069 per-

888 2073 1052 2121 Lectio
1090 2073 1151 2135 vj.
1489 2075 1627 2123 venit
1660 2074 1725 2122 ad
1759 2073 1978 2123 coelestia
2002 2088 2172 2139 regna.
2214 2069 2357 2133 Quia.

571 2146 774 2257 Inous
804 2138 1019 2187 contulit
1057 2155 1119 2196 se,
1148 2139 1200 2187 in
1232 2140 1444 2189 vastissi-
1500 2141 1661 2190 Gloria
1678 2139 1830 2189 Patri.
1873 2139 2016 2201 Quia.

616 2221 778 2257 ,mam
824 2206 1025 2272 AEgypti
1080 2206 1400 2256 solitudinem
1431 2227 1443 2257 ε
1568 2210 1621 2255 ln
1647 2208 1714 2269 iij.
1743 2206 1885 2254 Noct.
1914 2206 2057 2253 llom.
2088 2206 2137 2251 in
2161 2204 2371 2267 Evang..

560 2269 651 2319 ubi
668 2270 896 2337 quotidie
914 2271 978 2319 ad
996 2270 1324 2321 christianam
1344 2289 1448 2338 per-
1500 2274 1602 2323 Si'nt
1624 2271 1801 2321 lumbi.
1830 2271 1947 2319 lxix.
2036 2326 2040 2330 .

558 2336 841 2386 sectionem
884 2338 1153 2402 proficiens
1180 2376 1190 2395 ‚
1253 2338 1446 2387 daemo-
1569 2340 1716 2403 Vesp.
1754 2338 1816 2385 de
1848 2354 1973 2403 seq.9
2030 2354 2146 2385 cuni
2184 2353 2367 2382 comm.

560 2418 653 2452 nes
674 2410 906 2469 (quorum
931 2412 1071 2453 tanto
1110 2413 1257 2453 eraut
1290 2405 1444 2454 acrio·
1504 2406 1636 2454 infra
1653 2405 1929 2469 assignatis

560 2485 642 2518 res
667 2470 922 2535 impetus»,
966 2479 1157 2536 quanto
1200 2470 1446 2521 Antonius
1572 2472 1678 2520 D1E
1722 2470 1897 2521 XVlll.
1948 2468 2253 2521 JANUARu.

559 2534 628 2584 ad
667 2534 1007 2585 resistendum
1041 2535 1226 2585 fortior
1258 2536 1444 2587 evade-
1569 2540 1622 2585 ln
1648 2540 1790 2585 Festo
1816 2536 2074 2584 Cathcdrae
2100 2536 2150 2583 S.
2177 2535 2305 2581 Petri

560 2600 676 2657 bat)
697 2603 768 2651 ita
802 2602 1106 2669 contempsit
1131 2640 1143 2661 ‚
1171 2612 1228 2651 ut
1249 2603 1346 2652 illis
1363 2620 1442 2653 ex·
1579 2620 1678 2669 qua
1713 2604 1878 2650 llomoe
1910 2603 2128 2667 primum
2150 2600 2294 2649 sedit.

558 2668 830 2733 probraret
878 2665 1277 2718 imbecillitatem
1335 2688 1346 2717 z
1384 2687 1443 2719 ac
1735 2668 1928 2733 Duplex
1963 2667 2141 2732 majus.

559 2751 694 2800 soepe
740 2734 1007 2799 discipulos
1056 2750 1170 2783 suos
1222 2735 1444 2785 excitans
1569 2736 1748 2783 Omnia
1770 2735 1831 2782 dc
1851 2734 2368 2783 Com1n.conf.P01n.

540 2800 627 2849 -ad
670 2800 1002 2867 pugnandum
1048 2810 1225 2849 contra
1264 2800 1442 2851 diabo-
1487 2801 1586 2851 xlv.
1631 2810 1808 2866 praeter
1840 2818 1944 2866 seq.

558 2867 671 2915 lum
700 2904 712 2925 ‚
752 2866 1038 2933 docensque
1070 2866 1251 2932 quibus
1291 2869 1444 2917 armis
1611 2867 1685 2914 Ad
1705 2868 1949 2933 vesperas
1970 2906 1981 2921 ‚
2014 2868 2253 2921 llvmnus.

557 2932 851 2982 vinceretur
889 2952 900 2982 ε
940 2931 1060 2982 Mihi
1095 2931 1284 2982 credite
1311 2972 1323 2994 ,
1371 2934 1443 2982 di·
1597 2950 1868 2993 noncuuouz
1903 2934 1954 2983 in
2001 2921 2123 2982 orl)e
2153 2931 2371 2982 nexibus

557 2995 715 3049 ce'bat
738 3037 749 3060 ‚
775 3000 961 3049 fratres
987 3038 999 3058 ‚
1035 3000 1344 3066 pertimescit
1359 3001 1444 3049 εὑ·-
1488 2944 1595 3088 Q
1661 3001 1933 3049 revinxeris
1956 3039 1966 3058 ‚

558 3075 711 3115 tanas
749 3065 945 3131 piorum
986 3065 1210 3133 vigilias,
1255 3067 1438 3115 oratio-
1618 3068 1728 3115 Erit
1768 3066 2045 3116 revinctum
2068 3106 2077 3127 ,
2100 3067 2245 3114 Petre
2273 3104 2283 3126 ,
2316 3068 2366 3114 in

544 3148 656 3181 nes
689 3169 700 3191 ‚
723 3131 939 3198 jejunia,
966 3132 1304 3181 voluntariam
1330 3149 1446 3198 pau·
1555 3150 1668 3182 arce
1700 3132 1920 3182 siderum
1959 3151 1969 3180 :

597 3198 815 3247 ertatem
851 3235 863 3258 ,
924 3197 1344 3259 misericordiam,
1395 3208 1447 3247 et
1489 3200 1553 3248 Et
1595 3199 1730 3265 quod
1772 3200 1973 3248 resolvit
2014 3197 2097 3246 hic
2153 3193 2370 3263 potestas

560 3215 909 3313 humilitatem
932 3302 944 3325 ‚
972 3265 1192 3314 maxime
1225 3280 1345 3313 vero
1369 3281 1445 3313 ar·
1529 3280 1532 3284 ’
1559 3264 1743 3314 tradita
1770 3305 1782 3327 ,

564 3330 775 3379 de'ntem
810 3331 1035 3379 amorem
1080 3331 1133 3379 in
1191 3329 1446 3379 Christum
1492 3331 1602 3380 Erit
1635 3331 1852 3380 solutum
1895 3330 2005 3380 coeli
2039 3329 2091 3378 in
2126 3328 2228 3379 alto
2251 3328 2365 3378 ver-

565 3395 845 3446 Dominum
868 3434 880 3457 ‚
900 3397 1043 3462 cujus
1065 3395 1215 3446 unico
1239 3397 1470 3446 sanctis-·-
1561 3397 1657 3446 tice
1687 3417 1697 3445 :
